3058 4284
528 324 735 382 sinuosus
759 324 955 381 curuum
1226 309 1270 381 97

216 495 374 556 interdum
402 495 574 571 vindicari3
610 500 682 573 post
709 494 764 555 ubi
792 494 938 571 contagio
966 494 1058 572 quasi
1088 493 1271 572 pestilentia

215 599 343 676 invasit,
364 599 477 660 civitas
505 600 682 674 immutata,
704 599 873 676 imperium
900 619 939 659 ex
966 599 1151 660 iustissumo
1175 606 1270 678 atque

216 711 343 783 optumo
357 704 482 766 crudele
496 704 790 781 intolerandumque
805 703 932 764 factum.

257 810 318 870 Sed
332 809 433 888 primo
447 809 547 886 magis
562 808 693 869 ambitio
710 827 804 887 quam
824 807 958 868 avaritia
971 809 1092 870 animos
1107 809 1270 871 hominum

216 915 387 986 exercebat,
403 914 487 991 quod
500 920 607 975 tamen
621 912 735 973 vitium
754 911 883 991 propius
898 913 1049 974 virtutem
1067 921 1143 975 erat.
1187 916 1271 975 Nam
1290 926 1306 972 5

216 1018 357 1097 gloriam,
379 1018 539 1094 honorem,
560 1018 727 1096 imperium
753 1019 853 1078 bonus
874 1023 907 1078 et
930 1018 1061 1095 ignavos
1086 1037 1185 1097 aeque
1210 1019 1271 1080 sibi

216 1129 384 1203 exoptant3
407 1123 462 1184 sed
483 1123 538 1183 ille
559 1141 634 1182 vera
653 1122 706 1183 via
726 1122 850 1197 nititur,
871 1122 945 1183 huic
966 1123 1041 1200 quia
1063 1124 1162 1184 bonae
1188 1130 1271 1185 artes

217 1228 340 1303 desunt,
362 1227 443 1288 dolis
465 1233 559 1306 atque
579 1226 717 1287 fallaciis
738 1227 912 1288 contendit.
953 1227 1101 1289 Avaritia
1121 1229 1271 1307 pecuniae

218 1333 358 1394 studium
379 1332 483 1407 habet,
505 1351 600 1410 quam
622 1349 713 1391 nemo
739 1331 864 1409 sapiens
889 1332 1086 1410 concupivit;
1119 1352 1157 1393 ea
1180 1334 1272 1411 quasi

216 1437 347 1499 venenis
365 1438 456 1498 malis
474 1437 595 1497 imbuta
611 1455 723 1514 corpus
738 1437 940 1515 animumque
956 1437 1082 1498 virilem
1100 1439 1272 1514 effeminat,
1293 1451 1321 1498 10

217 1561 340 1621 semper
360 1541 496 1617 infinita,
518 1541 709 1602 insatiabilis
730 1548 788 1616 est,
809 1559 912 1619 noque
932 1543 1023 1620 copia
1043 1561 1145 1621 neque
1167 1543 1274 1622 inopia

217 1648 378 1707 minuitur.
422 1647 483 1707 Sed
497 1652 664 1725 postquam
677 1646 826 1721 L.·Sulla,
842 1646 937 1708 armis
952 1653 1079 1726 recepta
1092 1668 1125 1708 re
1137 1649 1271 1727 publica,

217 1752 306 1813 bonis
327 1751 430 1812 initiis
450 1750 550 1811 melos
571 1757 701 1811 eventus
723 1750 844 1825 habuit,
866 1769 976 1828 rapere
1000 1771 1116 1827 omnes,
1139 1753 1272 1827 trahere,

217 1858 344 1918 domum
355 1855 446 1930 alius,
458 1855 539 1916 alins
550 1873 641 1931 agros
655 1873 778 1932 cupere,
787 1873 889 1933 neque
905 1856 1032 1915 modum
1044 1875 1144 1934 neque
1157 1857 1274 1918 modes

217 1962 294 2022 tiam
318 1960 453 2020 victores
477 1959 601 2034 habere,
623 1959 717 2019 foeda
744 1959 946 2036 crudeliaque
971 1960 1004 2019 in
1028 1960 1108 2021 civis
1133 1961 1274 2022 facinora
1294 1977 1322 2023 15

218 2067 330 2127 facere.
374 2065 447 2124 Huc
468 2064 635 2125 accedebat
656 2063 741 2142 quod
762 2064 796 2122 L.
813 2062 903 2123 Sulla
923 2063 1105 2139 exercitum,
1125 2083 1217 2142 quem
1240 2066 1273 2124 in

217 2171 297 2232 Asia
310 2171 503 2244 ductaverat,
518 2188 580 2246 quo
595 2167 656 2230 sibi
670 2167 768 2227 fidum
783 2168 911 2242 faceret,
926 2175 1035 2228 contra
1049 2187 1166 2228 morem
1182 2169 1275 2229 maio·

218 2296 288 2336 rum
298 2273 458 2335 luxuriose
472 2273 630 2351 nimisque
645 2272 818 2333 liberaliter
832 2272 994 2332 habuerat.
1037 2273 1120 2333 Loca
1134 2292 1273 2349 amoena,

217 2380 397 2460 voluptaria
410 2378 505 2441 facile
520 2378 552 2438 in
567 2377 632 2438 otio
645 2377 761 2437 ferocis
775 2375 914 2436 militum
930 2377 1050 2437 animos
1062 2377 1274 2439 molliverant.

218 2486 269 2547 Ibi
290 2487 428 2565 primum
452 2482 591 2544 insuevit
615 2482 772 2542 exercitus
793 2481 902 2560 populi
927 2481 1063 2542 Romani
1087 2501 1201 2558 amare,
1223 2503 1275 2561 po·
1293 2499 1323 2545 uc

218 2598 295 2668 tare,
310 2591 408 2667 signa,
423 2589 548 2650 tabulas
570 2588 680 2666 pictas,
696 2605 773 2647 vasa
792 2586 914 2647 caelata
935 2586 1051 2662 mirari,
1067 2605 1104 2647 ea
1125 2587 1273 2666 privatim

219 2702 251 2759 et
269 2696 393 2776 publice
409 2713 528 2772 rapere,
543 2692 673 2754 delubra
692 2691 835 2769 spoliare,
851 2709 939 2752 sacra
956 2692 1151 2770 profanaque
1170 2692 1276 2753 omnia

218 2802 368 2881 polluere.
410 2799 514 2878 Igitur
525 2798 555 2858 ei
568 2797 696 2871 milites,
708 2803 876 2874 postquam
890 2795 1054 2856 victoriam
1068 2796 1177 2876 adepti
1191 2803 1274 2873 sunt,

219 2907 302 2967 nihil
319 2905 434 2983 reliqui
448 2903 542 2965 victis
560 2903 669 2962 fecere.
712 2901 1005 2979 Quippesecundae
1020 2920 1068 2962 res
1084 2901 1273 2980 sapientium

221 3012 341 3074 animos
365 3010 512 3087 fatiga-nt,
536 3026 575 3067 ne
603 3006 653 3067 illi
678 3005 833 3084 corruptis
858 3005 997 3066 moribus
1023 3005 1172 3066 victoriae
1201 3013 1276 3066 tenr-
1295 3029 1325 3074 25

221 3122 375 3198 pararent.

261 3225 436 3300 Postquam
457 3217 588 3279 divitiae
610 3215 721 3276 honori
743 3234 811 3276 esse
832 3234 961 3294 coepere
982 3221 1014 3276 et
1033 3233 1085 3276 eas
1105 3215 1206 3293 gloria
1223 3217 1279 3276 im·

223 3328 344 3407 perium
371 3325 515 3404 potentia
547 3323 745 3400 sequebatur,
773 3321 938 3381 hebescere
968 3320 1078 3394 virtus,
1109 3327 1278 3400 paupertas

222 3433 335 3513 probro
362 3430 480 3504 haberi,
508 3427 690 3488 innocentia
720 3445 777 3504 pro
809 3425 1025 3486 malivolentia
1057 3425 1130 3485 duci
1166 3427 1278 3505 coepit.

222 3538 326 3616 Igitur
350 3555 389 3596 ex
412 3534 535 3595 divitiis
560 3532 755 3592 iuventutem
781 3529 1025 3606 luxuria'atque
1048 3530 1185 3590 avaritia
1208 3550 1278 3590 cum
1298 3550 1328 3598 ³0

224 3641 370 3722 superbia
394 3640 554 3713 invasere3
584 3656 702 3715 rapere,
724 3653 916 3710 consumere,
938 3653 996 3695 sna
1018 3633 1108 3712 parvi
1132 3636 1278 3713 pondere,

224 3748 328 3809 aliena
348 3763 477 3825 cupere,
500 3743 661 3823 pudorem,
681 3740 876 3819 pudicitiam,
897 3739 1007 3799 diviua
1026 3745 1121 3817 atque
1142 3739 1281 3802 humana
