3058 4284
282 297 328 368 88
552 301 554 306 ’
603 307 728 364 muru
753 306 1003 363 snunorrous

282 499 344 559 quc
358 479 463 540 minus
478 479 582 540 aliena
595 478 751 553 instituta,
764 475 894 538 simodo
908 478 1005 556 proba
1015 484 1114 553 erant,
1125 478 1333 540 imitarentur.

281 586 380 645 Arma
401 590 495 662 atque
519 583 584 644 tela
607 583 758 643 militaria
778 584 819 643 ab
840 582 1043 658 Samnitibus,
1065 582 1205 659 insignia
1224 583 1336 660 magis-

281 696 421 752 tratuum
445 691 485 750 ab
508 689 619 750 Tuscis
643 688 791 767 pleraque
817 693 1024 766 sumpserunt.
1067 689 1230 749 Postremo
1251 689 1335 767 quod

281 796 397 875 ubique
425 796 508 874 apud
537 797 635 856 socios
668 798 724 854 aut
751 794 851 856 hostis
883 793 1031 854 idoneum
1060 793 1235 869 videbatur,
1264 812 1334 854 cum

247 920 261 964 s
282 921 403 962 summo
425 901 530 963 studio
548 900 634 961 domi
655 900 921 976 exsequebantur3
946 899 1064 960 imitari
1078 919 1171 978 quam
1193 898 1334 959 invidere

281 1007 371 1068 bonis
385 1006 552 1067 malebant.
597 1005 659 1066 Sed
679 1005 787 1064 eodem
808 1003 865 1064 illo
885 1010 1025 1082 tempore
1047 1004 1196 1066 Graeciae
1217 1024 1334 1064 morem

281 1112 398 1172 imitati
412 1110 594 1172 verberibus
606 1109 899 1170 animadvortebant
913 1109 946 1168 in
960 1109 1049 1184 civis,
1064 1109 1103 1170 de
1117 1110 1333 1170 condemnatis

281 1237 435 1277 summum
453 1196 643 1295 supplicium
658 1215 831 1276 sumebant.
873 1215 1045 1292 Postquam
1060 1233 1109 1274 res
1125 1214 1251 1292 publica
1265 1215 1335 1275 ade

279 1323 359 1384 levit
372 1327 405 1382 et
419 1321 623 1381 multitudine
645 1319 761 1380 civium
783 1319 937 1380 factiones
959 1319 1093 1395 valuere,
1114 1319 1334 1380 circumveniri

232 1443 260 1489 10
279 1429 472 1502 innocentes,
493 1426 557 1486 alia
577 1425 791 1486 huiuscemodi
812 1425 881 1484 fieri
902 1443 1039 1503 coepere,
1061 1430 1129 1484 tum
1150 1423 1202 1484 lex
1223 1424 1335 1485 Porcia

280 1533 421 1611 aliaeque
443 1531 527 1608 leges
550 1537 676 1608 paratae
701 1535 784 1606 sunt,
806 1529 919 1608 quibus
939 1529 1061 1604 legibus
1083 1529 1228 1590 exsilium
1250 1529 1334 1590 dam-

279 1638 363 1698 natis
378 1636 565 1715 permissum
588 1640 644 1697 est.
687 1635 779 1695 Hanc
800 1653 857 1711 ego
877 1653 1011 1709 causam,
1027 1640 1133 1712 patres
1154 1634 1333 1712 conscripti,

279 1763 341 1822 quo
366 1742 470 1804 minus
495 1761 607 1801 novom
629 1740 795 1800 consilium
817 1739 985 1818 capiamus,
1001 1739 1034 1798 in
1056 1739 1166 1817 primis
1188 1758 1332 1816 magnam

278 1855 363 1926 pulo.
407 1848 553 1907 Profecto
568 1846 669 1906 virtus
691 1851 785 1923 atque
807 1845 963 1923 sapientia
983 1844 1082 1904 maior
1104 1843 1169 1905 illis
1190 1845 1262 1919 fuit,
1278 1845 1332 1922 qui

230 1968 258 2013 rs
279 1972 318 2013 ex
343 1952 448 2031 parvis
470 1951 581 2030 opibus
602 1955 726 2010 tantmn
748 1949 914 2028 imperium
936 1949 1047 2024 fecere,
1062 1968 1156 2026 quarn
1177 1948 1211 2008 in
1232 1949 1332 2024 uobis,

278 2058 334 2135 qui
348 2077 385 2118 ea
397 2058 477 2118 bene
492 2062 582 2134 parta
595 2055 650 2114 vix
664 2055 847 2114 retinemus.

320 2163 456 2223 “Placet
476 2160 574 2237 igitur
588 2178 639 2220 eos
655 2159 774 2219 dimitti
788 2165 820 2218 et
834 2158 941 2236 augeri
963 2159 1133 2221 exercitum
1149 2159 1331 2220 Catilinae?

278 2270 428 2329 Minume.
457 2267 534 2347 ,Sed
561 2265 608 2325 ita
634 2283 761 2326 censeo:
798 2263 1003 2343 publicandas
1031 2283 1137 2324 eorum
1173 2263 1330 2343 pecunias,

277 2374 362 2452 ipsos
388 2373 422 2431 111
447 2370 584 2432 vinculis
608 2370 768 2430 habendos
796 2387 853 2446 per
881 2369 1052 2446 municipia
1079 2387 1158 2446 quae
1187 2387 1332 2430 maxume

228 2492 258 2537 ao
277 2478 390 2557 opibus
412 2476 536 2550 valent;
559 2494 621 2534 neu
642 2475 712 2552 quis
728 2474 766 2533 de
781 2474 826 2534 eis
848 2480 958 2551 postea
979 2475 1018 2534 ad
1042 2481 1183 2534 senatum
1204 2474 1331 2548 referat,

277 2601 355 2643 neve
380 2601 449 2642 oum
472 2579 588 2660 populo
609 2585 695 2656 agat,
717 2579 772 2656 qui
794 2578 888 2638 aliter
902 2578 1029 2652 fecerit,
1052 2584 1198 2638 senatum
1218 2579 1332 2639 existu-

277 2706 362 2748 mare
390 2705 462 2746 eum
486 2690 595 2746 contra
619 2703 684 2743 rem
709 2675 866 2761 publicam
891 2689 923 2743 et
947 2682 1080 2742 salutem
1106 2683 1246 2743 omnium
1270 2684 1333 2743 fac·

277 2792 414 2853 turum.''

316 2875 488 2974 Postquam
511 2895 625 2956 Caesar
646 2893 774 2954 dicundi
795 2891 889 2952 finem
911 2892 998 2967 fecit,
1020 2893 1115 2953 ceteri
1138 2893 1232 2954 verbo
1250 2893 1331 2954 alins

228 3016 257 3061 25
277 3003 333 3063 alii
367 3001 454 3062 varie
489 2998 749 3060 assentiebantur.
791 3000 835 3058 At
863 2999 906 3056 M.
941 2998 1070 3059 Porcius
1099 2998 1178 3058 Cato
1205 3005 1331 3074 rogatus

278 3106 466 3168 sententiam
481 3103 697 3165 huiuscemodi
716 3103 886 3164 orationem
902 3103 1028 3163 habuit:

318 3214 452 3287 “Longe
473 3209 553 3270 mihi
574 3209 637 3269 alia
658 3227 747 3268 mens
776 3215 833 3283 est,
855 3213 960 3286 patres
990 3208 1166 3287 conscripti,
1189 3227 1260 3268 cum
1282 3228 1332 3269 res

277 3323 371 3396 atque
393 3316 531 3394 pericula
551 3321 658 3375 nostra
679 3313 850 3388 considero,
865 3318 983 3372 etcum
1004 3314 1174 3374 sententias
1189 3332 1252 3374 non
1266 3313 1333 3374 nul·

277 3423 379 3483 lorum
400 3423 468 3501 ipse
491 3441 612 3483 mecum
638 3426 756 3499 reputo.
800 3419 855 3478 1111
876 3419 1162 3480 mihi-disseruisse
1183 3419 1331 3479 videntur

228 3539 258 3584 ao
277 3528 316 3587 de
331 3547 433 3607 poena
446 3547 562 3603 eorum,
574 3526 629 3603 qui
639 3526 768 3605 patriae,
781 3525 972 3603 parentibus,
985 3525 1047 3585 aris
1062 3531 1156 3603 atque
1170 3525 1250 3584 focis
1266 3525 1331 3584 suis

277 3633 394 3695 bellum
421 3651 587 3712 paravere,
609 3650 658 3691 res
684 3638 788 3691 autem
814 3636 919 3691 monet
943 3649 1051 3690 cavere
1077 3631 1116 3690 ab
1140 3629 1206 3690 illis
1231 3631 1331 3706 magis

278 3759 372 3819 quam
387 3739 463 3816 quid
477 3739 511 3798 in
526 3737 597 3798 illos
613 3742 788 3798 statuamus
803 3735 988 3797 consultare.
1031 3735 1114 3798 Nam
1129 3740 1231 3797 cetera
1246 3734 1331 3794 mali-
