3058 4284
284 233 350 303 138
610 249 735 306 mnne
759 249 1008 308 sntnorrous

280 425 362 497 peto,
378 421 462 498 quod
476 420 665 483 amicissime
679 422 799 498 scribis,
815 429 859 498 ut,
875 441 945 482 cum
959 428 1015 483 tuo
1029 422 1146 483 iudicio
1166 423 1250 501 quod
1271 441 1333 482 am-

280 523 459 602 plissimum
480 545 548 587 esse
557 526 721 588 arbitraris
733 526 811 586 mihi
824 527 983 604 tribueris,
995 526 1023 589 si
1035 527 1068 587 id
1089 527 1173 606 quod
1193 527 1333 588 maluero

280 629 439 708 acciderit,
454 633 597 709 gaudeas.
642 633 692 694 Sic
713 633 797 693 enim
818 633 932 694 fecisse
946 639 978 693 te
993 639 1025 693 et
1042 632 1177 693 sensisse
1191 638 1224 692 et
1238 632 1333 710 serio

280 736 359 798 sisse
374 737 467 798 video
483 756 593 817 resque
609 739 678 816 ipsa
691 738 830 800 declarat
843 737 903 800 tibi
917 738 1008 798 illum
1022 738 1171 798 honorem
1188 745 1331 799 nostrum

245 841 521 920 esupplicationis
551 843 724 904 iucundum
754 843 854 904 fuisse
881 843 966 922 quod
994 842 1159 904 scribendo
1179 843 1331 918 adfuisti3

280 947 357 1008 haec
371 948 453 1008 enim
470 954 598 1010 senatus
613 949 757 1009 consulta
771 967 833 1008 non
854 948 964 1025 ignoro
980 947 1020 1009 ab
1041 947 1241 1008 amicissimis
1263 948 1331 1007 eius

163 1072 164 1076 ¹
280 1052 368 1114 cuius
379 1055 416 1112 de
427 1052 544 1114 honore
556 1053 660 1129 agitur
675 1053 768 1115 scribi
784 1053 892 1114 solere.
934 1054 1010 1129 Ego,
1023 1059 1058 1114 ut
1073 1072 1173 1132 spero,
1189 1059 1220 1114 te
1235 1071 1331 1132 prope

279 1156 363 1217 diem
376 1157 489 1219 videbo
502 1164 596 1236 atque
611 1159 732 1218 utinam
746 1177 779 1219 re
794 1179 823 1238 p.
846 1157 974 1219 meliore
989 1177 1082 1236 quarn
1097 1158 1211 1220 timeo!

288 1609 360 1673 Ser.
379 1611 421 1672 ire
437 1610 653 1690 Pompeiano
668 1611 694 1672 Ι
697 1611 728 1674 V
740 1615 807 1672 aret
823 1611 892 1673 ΙΙΙ
904 1611 960 1673 Id.
978 1611 1055 1674 Dec.
1074 1632 1106 1675 a.
1128 1610 1204 1688 704
1223 1611 1311 1683 (50),

659 1755 754 1813 cicero
771 1756 870 1812 Attico
891 1755 949 1812 Sel.

318 1892 509 1972 Dionysium
529 1891 712 1970 flagrantem
736 1893 892 1954 desiderio
911 1893 960 1954 tui
975 1893 1047 1955 misi
1072 1893 1112 1955 ad
1133 1900 1166 1955 te
1191 1913 1248 1954 nec
1270 1913 1330 1954 me

231 2014 260 2059 10
277 1997 404 2058 hercule
418 2015 517 2075 aequo
530 1998 643 2073 animo,
660 1999 714 2058 sed
728 1999 792 2058 fuit
806 1999 1044 2059 concedendum.
1087 2000 1184 2071 Quem
1204 2000 1329 2078 quidem

278 2103 410 2179 cognovi
424 2122 495 2162 cum
510 2103 646 2178 doctum,
662 2103 746 2181 quod
768 2103 848 2163 mihi
869 2103 931 2164 iam
953 2111 1026 2164 ante
1041 2110 1108 2166 erat
1125 2110 1243 2180 notum,
1260 2110 1329 2165 tum

279 2226 353 2268 sane
377 2207 505 2287 plenum
530 2207 632 2284 officii,
658 2208 834 2270 studiosum
862 2209 956 2270 etiarn
987 2227 1072 2270 meae
1101 2209 1214 2285 laudis,
1244 2209 1329 2287 frugi

278 2312 435 2373 hominem
462 2332 507 2388 ac,
530 2333 570 2373 ne
593 2312 776 2374 libertinum
805 2312 932 2375 laudare
961 2314 1077 2388 videar,
1105 2314 1199 2393 plane
1226 2315 1329 2374 virum

278 2419 402 2479 bonum.
444 2417 629 2497 Pompeium
644 2418 712 2478 vidi
727 2437 782 2478 1111
795 2420 871 2479 Idus
883 2420 1078 2480 Decembres
1121 2419 1252 2479 Fuimus
1266 2438 1330 2480 una

230 2541 258 2586 15
277 2524 371 2584 horas
392 2523 471 2584 dues
491 2523 635 2584 fortasse.
679 2525 796 2600 Magna
816 2523 939 2585 laetitia
958 2524 1037 2584 mihi
1059 2524 1147 2586 visus
1167 2530 1217 2586 est
1236 2524 1328 2585 adfici

277 2648 346 2690 meo
366 2629 523 2706 adventu;
546 2630 585 2690 de
606 2629 768 2708 triumpho
787 2629 917 2703 hortari,
940 2629 1098 2709 suscipere
1118 2636 1225 2708 partes
1246 2649 1327 2705 suae,

277 2753 402 2796 monere
418 2753 456 2794 ne
471 2739 544 2794 ante
561 2734 595 2793 in
616 2741 759 2796 senatum
781 2736 957 2795 accederem
980 2754 1073 2814 quam
1095 2753 1160 2794 rem
1181 2735 1330 2796 confecis-
1430 2745 1433 2749 “
1510 2813 1511 2834 ¹

279 2859 354 2916 sem,
379 2859 419 2900 ne
442 2839 583 2901 dicendis
607 2840 772 2901 sententiis
796 2841 933 2919 aliquem
961 2841 1122 2901 tribunum
1150 2840 1327 2901 alienarem.

277 2945 360 3017 Quid
390 2945 541 3023 quaeris?
570 2945 603 3004 in
631 2945 690 3006 hoc
718 2945 819 3005 officio
847 2946 998 3007 sermonis
1027 2945 1108 3005 nihil
1133 2946 1238 3024 potuit
1259 2963 1328 3006 esse

228 3072 258 3117 20
277 3050 440 3129 prolixius.
484 3052 531 3110 De
546 3069 579 3111 re
593 3050 721 3129 publica
734 3058 837 3112 autem
854 3052 900 3112 ita
913 3071 1032 3112 mecum
1044 3051 1168 3112 locutus
1179 3057 1228 3112 est
1239 3051 1329 3128 quasi

277 3176 340 3215 non
353 3156 482 3217 dubium
497 3156 613 3216 bellum
629 3157 823 3218 haberemus.
865 3156 956 3217 Nihil
972 3157 1012 3217 ad
1030 3175 1117 3236 spem
1136 3156 1327 3216 concordiae.

277 3261 376 3321 Plane
391 3261 482 3321 illum
497 3280 517 3322 a
531 3281 564 3322 se
578 3262 749 3322 alienatum
760 3281 831 3323 oum
845 3269 919 3323 ante
936 3261 1143 3340 intellegeret,
1165 3268 1233 3322 tum
1255 3280 1328 3321 vero

277 3385 427 3444 proxume
450 3366 614 3428 iudicasse.
657 3369 789 3429 Venisse
811 3369 954 3428 Hirtium
976 3387 995 3428 a
1015 3367 1147 3429 Caesare
1169 3367 1224 3444 qui
1246 3373 1329 3428 esset

277 3470 327 3530 illi
348 3472 626 3548 familiarissimus,
648 3474 688 3533 ad
711 3492 744 3533 se
765 3492 827 3533 non
849 3472 1017 3534 accessisse
1038 3479 1078 3548 et,
1102 3491 1172 3532 cum
1187 3470 1242 3532 ille
1257 3490 1283 3532 a
1299 3472 1329 3531 d.

228 3595 257 3640 2⁶
277 3595 342 3636 vrn
359 3577 435 3638 Idus
450 3579 612 3639 Decembr.
628 3579 751 3656 vesperi
766 3579 915 3651 venisset,
930 3578 1048 3638 Balbus
1063 3578 1102 3638 de
1120 3583 1187 3638 tota
1207 3596 1241 3637 re
1261 3595 1330 3637 ccu-

279 3682 436 3744 stituisset
450 3701 475 3743 a
492 3683 521 3743 d.
541 3702 591 3743 v11
612 3683 652 3744 ad
675 3683 852 3762 Scipionem
874 3690 947 3744 ante
967 3683 1070 3743 lucem
1091 3682 1208 3756 venire,
1230 3681 1331 3741 multa
