3038 4278
254 297 299 365 18
575 307 699 362 LATIN
725 307 974 364 SllLElC'I'IONS

254 477 397 538 hostibus
425 476 581 554 inpletur3
610 476 755 538 omnibus
776 476 854 538 locis
875 484 1050 556 pugnatum
1073 477 1186 540 deinde
1207 480 1308 540 multa

254 583 317 642 iam
327 582 413 642 edita
426 581 520 642 caede
535 581 670 642 senescit
684 600 799 660 pugna,
810 588 843 642 et
857 582 992 644 dictator
1003 601 1171 661 praecones
1185 585 1307 646 edicere

253 688 350 762 iubet,
364 693 401 747 ut
414 687 454 748 ab
467 685 580 746 inermi
595 686 797 748 abstineatur.
840 688 874 748 Is
889 687 962 749 finis
977 689 1139 764 sanguinis
1154 690 1226 750 fuit

293 792 375 852 Dedi
396 791 470 852 inde
491 790 625 852 inermes
639 791 750 869 coepti,
765 797 797 852 et
818 792 858 851 ad
879 793 1027 870 praedam
1044 793 1136 854 miles
1153 794 1309 872 permissu

215 909 230 954 5
254 897 417 958 dictatoris
431 896 587 957 discurrit.
631 897 715 967 Quae
736 915 807 956 curn
821 902 894 957 ante
908 897 1013 958 oculos
1027 898 1095 959 eius
1110 899 1308 977 aliquantum

255 1021 310 1080 spe
324 1009 419 1080 atque
436 1002 583 1079 opinione
603 1002 702 1062 maior
722 1001 911 1080 maiorisque
926 1002 1021 1080 pretii
1042 1022 1144 1063 rerum
1162 1005 1308 1080 ferretur,

255 1107 371 1168 dieitur
394 1126 505 1168 manus
529 1107 568 1166 ad
589 1106 709 1167 caelum
730 1106 846 1166 tollens
868 1113 1012 1184 precatus
1033 1126 1112 1184 esse,
1137 1115 1183 1184 ut,
1209 1109 1237 1170 si
1258 1110 1309 1170 cui

255 1213 382 1273 deorum
400 1212 625 1289 hominumque
645 1211 743 1272 nimia
758 1230 814 1272 sua
831 1211 960 1272 fortuna
981 1212 1152 1290 populique
1172 1213 1310 1274 Romani

255 1318 424 1393 videretur,
439 1323 475 1376 ut
489 1336 559 1376 earn
573 1316 726 1376 invidiam
741 1316 840 1376 lenire
854 1335 948 1394 quam
966 1317 1097 1378 minimo
1115 1336 1172 1379 suo
1185 1319 1310 1396 privato

208 1432 237 1477 10
255 1423 451 1483 incommodo
466 1421 653 1500 publicoque
674 1421 783 1499 populi
805 1421 940 1482 Romani
961 1421 1079 1483 liceret.
1122 1424 1311 1485 Converten-

255 1535 318 1588 tem
331 1547 363 1588 se
375 1528 457 1587 inter
468 1527 549 1587 hanc
561 1527 792 1587 venerationem
803 1527 940 1586 traditur
951 1526 1118 1588 memoriae
1129 1528 1310 1607 prolapsum

256 1633 414 1707 cecidisse,
429 1633 524 1710 idque
539 1650 630 1692 omen
645 1631 834 1709 pertinuisse
847 1636 958 1708 postea
976 1639 1092 1692 eventu
1107 1650 1173 1693 rem
1194 1633 1311 1694 coniec-

255 1738 397 1798 tantibus
412 1737 514 1797 visum
525 1735 565 1796 ad
575 1736 810 1797 damnationem
821 1736 922 1814 ipsius
934 1737 1070 1813 Camilli,
1077 1743 1188 1816 captae
1197 1737 1311 1802 deinde

256 1843 342 1904 urbis
362 1844 532 1916 Romanae,
556 1842 639 1919 quod
661 1846 734 1918 post
761 1860 878 1919 pancos
901 1841 1019 1902 accidit
1046 1861 1154 1918 annos,
1179 1843 1309 1904 cladem.

209 1967 238 2013 15
256 1949 362 2026 Atque
383 1947 438 2007 ille
459 1947 526 2008 dies
548 1947 641 2008 caede
662 1946 801 2007 hostium
823 1965 859 2006 ac
879 1945 1055 2025 direptione
1077 1947 1164 2009 urbis
1186 1947 1312 2026 opulen-

256 2053 398 2114 tissimae
413 2059 461 2113 est
475 2057 688 2130 consumptus.

296 2161 427 2218 Postero
442 2157 493 2217 die
515 2157 615 2218 libera
636 2176 765 2235 corpora
785 2157 922 2218 dictator
943 2157 1001 2218 sub
1022 2175 1135 2218 corona
1157 2157 1309 2218 vendidit.

257 2265 304 2324 Ea
318 2263 384 2324 sola
398 2262 531 2341 pecunia
544 2262 579 2321 in
593 2262 753 2340 publicum
769 2262 932 2338 redigitur,
947 2261 1033 2322 haud
1048 2262 1116 2322 sine
1130 2263 1177 2322 ira
1191 2262 1310 2340 plebis;

257 2376 289 2429 et
309 2369 393 2446 quod
414 2368 563 2428 rettulere
585 2386 689 2427 secum
703 2368 845 2444 praedae,
861 2386 918 2426 nec
939 2367 1021 2442 duci,
1037 2367 1093 2444 qui
1107 2368 1148 2428 ad
1169 2374 1311 2428 senatum

207 2494 238 2539 no
258 2473 466 2550 malignitatis
481 2479 623 2533 auctores
644 2473 829 2550 quaerendo,
845 2491 910 2532 rem
932 2471 1056 2532 arbitrii
1079 2472 1128 2532 sui
1142 2473 1311 2549 reiecisset,

257 2599 314 2640 nec
329 2577 461 2652 senatui,
478 2578 533 2637 sed
548 2577 688 2637 Liciniae
710 2577 860 2653 familiae,
876 2595 914 2636 ex
929 2596 992 2654 qua
1006 2576 1091 2638 filius
1112 2576 1153 2638 ad
1168 2583 1310 2638 senatum

256 2684 441 2757 rettulisset,
467 2689 557 2760 pater
581 2688 645 2742 tarn
672 2682 834 2760 popularis
858 2682 1034 2742 sententiae
1056 2689 1164 2743 auctor
1186 2683 1310 2757 fuisset,

257 2795 417 2867 acceptum
433 2787 618 2848 referebant.

297 2895 373 2954 (lum
386 2893 449 2954 iam
465 2893 619 2954 humanae
631 2912 705 2971 opes
719 2898 844 2969 egestae
858 2893 963 2953 aVeis
978 2898 1092 2967 essent,
1105 2892 1229 2953 amoliri
1242 2898 1309 2952 tum

209 3017 238 3062 25
258 3001 350 3060 deum
382 3000 465 3059 dona
497 2999 646 3076 ipsosque
679 2999 763 3072 deos,
793 2998 848 3058 sed
878 2997 1049 3058 colentium
1083 2997 1183 3074 magis
1216 3015 1310 3075 quarn

257 3104 446 3183 rapientium
461 3104 561 3178 modo,
574 3121 710 3181 coepere.
745 3103 891 3180 Namque
902 3101 1015 3163 delecti
1027 3102 1159 3162 exomni
1172 3102 1311 3162 exercitu

257 3211 385 3270 iuvenes
400 3228 477 3287 pure
492 3208 588 3268 lautis
607 3207 797 3285 corporibus,
812 3205 947 3268 candida
961 3213 1058 3282 veste,
1075 3207 1188 3284 quibus
1203 3207 1312 3284 depor-

257 3315 354 3375 tanda
368 3316 500 3374 Romam
516 3314 624 3389 regina
638 3315 718 3373 Iuno
739 3313 902 3388 adsignata
916 3318 992 3386 eret,
1007 3311 1222 3373 venerabundi
1235 3317 1311 3371 tem-

257 3420 345 3499 plum
370 3420 468 3479 iniere
493 3420 595 3497 primo
620 3419 764 3494 religiose
791 3418 994 3478 admoventes
1019 3436 1139 3492 manus,
1165 3418 1248 3495 quod
1276 3417 1310 3477 id

209 3544 238 3589 30
258 3527 382 3602 signum
397 3544 480 3585 more
501 3526 636 3586 Etrusco
649 3523 713 3584 nisi
727 3529 830 3584 certae
845 3523 950 3598 gentis
972 3523 1114 3584 sacerdos
1136 3523 1310 3583 adtrectare

257 3652 318 3692 non
347 3638 430 3692 esset
458 3631 578 3691 solitus.
621 3629 704 3688 Dein
725 3648 795 3688 cum
824 3628 951 3706 quidam
974 3647 1030 3690 seu
1058 3627 1174 3706 spiritu
1203 3629 1312 3688 divino

257 3743 360 3801 tactus
375 3755 429 3800 seu
441 3735 580 3800 iuvenali
592 3735 659 3799 ioco
673 3741 690 3770 “
699 3735 797 3800 Visne
808 3734 940 3798 Romam
952 3734 1006 3815 ire,
1018 3735 1098 3798 Iuno
1107 3736 1123 3798 ?
1133 3734 1151 3766 '³
1167 3733 1311 3813 dixisset,
