<?xml version="1.0" encoding="UTF-8"?>
<!DOCTYPE html PUBLIC "-//W3C//DTD XHTML 1.0 Transitional//EN"
    "http://www.w3.org/TR/xhtml1/DTD/xhtml1-transitional.dtd">
<html xmlns="http://www.w3.org/1999/xhtml" xml:lang="en" lang="en">
 <head>
  <title>
</title>
<meta http-equiv="Content-Type" content="text/html;charset=utf-8" />
  <meta name='ocr-system' content='tesseract 3.04.00' />
  <meta name='ocr-capabilities' content='ocr_page ocr_carea ocr_par ocr_line ocrx_word'/>
</head>
<body>
  <div class='ocr_page' id='page_1' title='image "./selectionsfromr00miergoog_0056.png"; bbox 0 0 3038 4278; ppageno 0'>
   <div class='ocr_carea' id='block_1_1' title="bbox 463 287 1239 362">
    <p class='ocr_par' dir='ltr' id='par_1_1' title="bbox 463 287 1239 362">
     <span class='ocr_line' id='line_1_1' title="bbox 463 287 1239 362; baseline -0.009 -1"><span class='ocrx_word' id='word_1_1' title='bbox 463 306 591 362; x_wconf 79' lang='lat' dir='ltr'>mvr’s</span> <span class='ocrx_word' id='word_1_2' title='bbox 616 304 766 361; x_wconf 70' lang='lat' dir='ltr'>nomen</span> <span class='ocrx_word' id='word_1_3' title='bbox 791 301 970 358; x_wconf 80' lang='lat' dir='ltr'>fflsronr</span> <span class='ocrx_word' id='word_1_4' title='bbox 1197 287 1239 355; x_wconf 87' lang='lat'>41</span> 
     </span>
    </p>
   </div>
   <div class='ocr_carea' id='block_1_2' title="bbox 187 470 1242 555">
    <p class='ocr_par' dir='ltr' id='par_1_2' title="bbox 187 470 1242 555">
     <span class='ocr_line' id='line_1_2' title="bbox 187 470 1242 555; baseline -0.004 -19"><span class='ocrx_word' id='word_1_5' title='bbox 187 476 346 555; x_wconf 81' lang='lat' dir='ltr'><strong>Hispania</strong></span> <span class='ocrx_word' id='word_1_6' title='bbox 367 475 431 536; x_wconf 89' lang='lat' dir='ltr'>alia</span> <span class='ocrx_word' id='word_1_7' title='bbox 451 494 545 554; x_wconf 87' lang='lat' dir='ltr'>super</span> <span class='ocrx_word' id='word_1_8' title='bbox 566 476 662 536; x_wconf 88' lang='lat' dir='ltr'>aliam</span> <span class='ocrx_word' id='word_1_9' title='bbox 683 475 788 534; x_wconf 79' lang='lat' dir='ltr'>clades</span> <span class='ocrx_word' id='word_1_10' title='bbox 809 475 930 533; x_wconf 90' lang='lat' dir='ltr'>duobus</span> <span class='ocrx_word' id='word_1_11' title='bbox 951 471 1087 548; x_wconf 81' lang='lat' dir='ltr'><strong>egregiis</strong></span> <span class='ocrx_word' id='word_1_12' title='bbox 1109 470 1242 532; x_wconf 89' lang='lat' dir='ltr'>ducibus</span> 
     </span>
    </p>
   </div>
   <div class='ocr_carea' id='block_1_3' title="bbox 187 577 1297 3077">
    <p class='ocr_par' dir='ltr' id='par_1_3' title="bbox 187 577 1293 2445">
     <span class='ocr_line' id='line_1_3' title="bbox 187 577 1243 657; baseline -0.007 -15"><span class='ocrx_word' id='word_1_13' title='bbox 187 581 313 642; x_wconf 89' lang='lat' dir='ltr'>amissis</span> <span class='ocrx_word' id='word_1_14' title='bbox 331 581 411 640; x_wconf 93' lang='lat' dir='ltr'>duos</span> <span class='ocrx_word' id='word_1_15' title='bbox 430 581 587 640; x_wconf 89' lang='lat' dir='ltr'>exercitus</span> <span class='ocrx_word' id='word_1_16' title='bbox 605 599 644 642; x_wconf 81' lang='lat' dir='ltr'>ex</span> <span class='ocrx_word' id='word_1_17' title='bbox 662 584 751 657; x_wconf 89' lang='lat' dir='ltr'>parte</span> <span class='ocrx_word' id='word_1_18' title='bbox 770 578 913 652; x_wconf 82' lang='lat' dir='ltr'>delesset,</span> <span class='ocrx_word' id='word_1_19' title='bbox 935 577 1034 637; x_wconf 90' lang='lat' dir='ltr'>multa</span> <span class='ocrx_word' id='word_1_20' title='bbox 1056 577 1192 638; x_wconf 89' lang='lat' dir='ltr'>secunda</span> <span class='ocrx_word' id='word_1_21' title='bbox 1209 577 1243 636; x_wconf 90' lang='lat' dir='ltr'>in</span> 
     </span>
     <span class='ocr_line' id='line_1_4' title="bbox 187 681 1242 764; baseline -0.005 -19"><span class='ocrx_word' id='word_1_22' title='bbox 187 686 284 747; x_wconf 88' lang='lat' dir='ltr'>Italia</span> <span class='ocrx_word' id='word_1_23' title='bbox 307 685 477 764; x_wconf 83' lang='lat' dir='ltr'>Siciliaque</span> <span class='ocrx_word' id='word_1_24' title='bbox 494 690 584 761; x_wconf 91' lang='lat' dir='ltr'>gesta</span> <span class='ocrx_word' id='word_1_25' title='bbox 602 690 781 763; x_wconf 77' lang='lat' dir='ltr'><strong>quassatam</strong></span> <span class='ocrx_word' id='word_1_26' title='bbox 800 702 866 743; x_wconf 93' lang='lat' dir='ltr'>rem</span> <span class='ocrx_word' id='word_1_27' title='bbox 884 683 1042 761; x_wconf 81' lang='lat' dir='ltr'><strong>publicam</strong></span> <span class='ocrx_word' id='word_1_28' title='bbox 1062 681 1242 759; x_wconf 71' lang='lat' dir='ltr'>excepisse,</span> 
     </span>
     <span class='ocr_line' id='line_1_5' title="bbox 187 786 1243 870; baseline -0.004 -18"><span class='ocrx_word' id='word_1_29' title='bbox 187 797 220 853; x_wconf 91' lang='lat' dir='ltr'>et</span> <span class='ocrx_word' id='word_1_30' title='bbox 247 792 350 870; x_wconf 91' lang='lat' dir='ltr'>ipsum</span> <span class='ocrx_word' id='word_1_31' title='bbox 374 791 577 850; x_wconf 89' lang='lat' dir='ltr'>intervallum</span> <span class='ocrx_word' id='word_1_32' title='bbox 605 789 675 865; x_wconf 90' lang='lat' dir='ltr'>loci,</span> <span class='ocrx_word' id='word_1_33' title='bbox 691 790 774 867; x_wconf 92' lang='lat' dir='ltr'>quod</span> <span class='ocrx_word' id='word_1_34' title='bbox 796 789 830 847; x_wconf 90' lang='lat' dir='ltr'>in</span> <span class='ocrx_word' id='word_1_35' title='bbox 853 787 977 848; x_wconf 76' lang='lat' dir='ltr'>ultimis</span> <span class='ocrx_word' id='word_1_36' title='bbox 1003 793 1155 847; x_wconf 90' lang='lat' dir='ltr'>terrarum</span> <span class='ocrx_word' id='word_1_37' title='bbox 1180 786 1243 848; x_wconf 89' lang='lat' dir='ltr'>oris</span> 
     </span>
     <span class='ocr_line' id='line_1_6' title="bbox 187 892 1277 973; baseline -0.004 -14"><span class='ocrx_word' id='word_1_38' title='bbox 187 899 321 959; x_wconf 87' lang='lat' dir='ltr'>alterum</span> <span class='ocrx_word' id='word_1_39' title='bbox 337 896 453 956; x_wconf 90' lang='lat' dir='ltr'>bellum</span> <span class='ocrx_word' id='word_1_40' title='bbox 470 901 639 972; x_wconf 83' lang='lat' dir='ltr'>gereretur,</span> <span class='ocrx_word' id='word_1_41' title='bbox 656 895 795 973; x_wconf 91' lang='lat' dir='ltr'>spatium</span> <span class='ocrx_word' id='word_1_42' title='bbox 812 893 937 954; x_wconf 86' lang='lat' dir='ltr'>dedisse</span> <span class='ocrx_word' id='word_1_43' title='bbox 952 893 993 953; x_wconf 89' lang='lat' dir='ltr'>ad</span> <span class='ocrx_word' id='word_1_44' title='bbox 1006 892 1241 970; x_wconf 85' lang='lat' dir='ltr'>respirandum:</span> <span class='ocrx_word' id='word_1_45' title='bbox 1262 910 1277 955; x_wconf 83' lang='lat' dir='ltr'>o</span> 
     </span>
     <span class='ocr_line' id='line_1_7' title="bbox 187 997 1243 1078; baseline -0.003 -16"><span class='ocrx_word' id='word_1_46' title='bbox 187 1021 271 1062; x_wconf 92' lang='lat' dir='ltr'>nunc</span> <span class='ocrx_word' id='word_1_47' title='bbox 286 1003 347 1063; x_wconf 90' lang='lat' dir='ltr'>duo</span> <span class='ocrx_word' id='word_1_48' title='bbox 361 1001 446 1063; x_wconf 90' lang='lat' dir='ltr'>bella</span> <span class='ocrx_word' id='word_1_49' title='bbox 462 1001 496 1060; x_wconf 91' lang='lat' dir='ltr'>in</span> <span class='ocrx_word' id='word_1_50' title='bbox 513 1001 641 1062; x_wconf 89' lang='lat' dir='ltr'>Italiam</span> <span class='ocrx_word' id='word_1_51' title='bbox 659 1006 798 1078; x_wconf 89' lang='lat' dir='ltr'>accepta,</span> <span class='ocrx_word' id='word_1_52' title='bbox 814 999 877 1060; x_wconf 92' lang='lat' dir='ltr'>duo</span> <span class='ocrx_word' id='word_1_53' title='bbox 895 999 1088 1059; x_wconf 79' lang='lat' dir='ltr'>celeberrimi</span> <span class='ocrx_word' id='word_1_54' title='bbox 1105 997 1243 1059; x_wconf 90' lang='lat' dir='ltr'>nominis</span> 
     </span>
     <span class='ocr_line' id='line_1_8' title="bbox 187 1103 1283 1180; baseline -0.009 -12"><span class='ocrx_word' id='word_1_55' title='bbox 187 1109 283 1168; x_wconf 89' lang='lat' dir='ltr'>duces</span> <span class='ocrx_word' id='word_1_56' title='bbox 296 1108 499 1167; x_wconf 78' lang='lat' dir='ltr'>circumstare</span> <span class='ocrx_word' id='word_1_57' title='bbox 513 1106 622 1166; x_wconf 90' lang='lat' dir='ltr'>urbem</span> <span class='ocrx_word' id='word_1_58' title='bbox 633 1107 817 1180; x_wconf 82' lang='lat' dir='ltr'><strong>Romanam,</strong></span> <span class='ocrx_word' id='word_1_59' title='bbox 830 1110 862 1164; x_wconf 90' lang='lat' dir='ltr'>et</span> <span class='ocrx_word' id='word_1_60' title='bbox 876 1124 973 1164; x_wconf 91' lang='lat' dir='ltr'>unum</span> <span class='ocrx_word' id='word_1_61' title='bbox 985 1103 1018 1162; x_wconf 92' lang='lat' dir='ltr'>in</span> <span class='ocrx_word' id='word_1_62' title='bbox 1029 1104 1132 1163; x_wconf 90' lang='lat' dir='ltr'>locum</span> <span class='ocrx_word' id='word_1_63' title='bbox 1143 1107 1243 1162; x_wconf 89' lang='lat' dir='ltr'>totam</span> <span class='ocrx_word' id='word_1_64' title='bbox 1282 1151 1283 1156; x_wconf 71' lang='grc'>,</span> 
     </span>
     <span class='ocr_line' id='line_1_9' title="bbox 187 1207 1243 1290; baseline -0.006 -18"><span class='ocrx_word' id='word_1_65' title='bbox 187 1211 322 1290; x_wconf 91' lang='lat' dir='ltr'>periculi</span> <span class='ocrx_word' id='word_1_66' title='bbox 346 1211 469 1287; x_wconf 91' lang='lat' dir='ltr'>molem,</span> <span class='ocrx_word' id='word_1_67' title='bbox 492 1230 583 1271; x_wconf 92' lang='lat' dir='ltr'>omne</span> <span class='ocrx_word' id='word_1_68' title='bbox 608 1231 687 1272; x_wconf 90' lang='lat' dir='ltr'>onus</span> <span class='ocrx_word' id='word_1_69' title='bbox 710 1211 898 1272; x_wconf 58' lang='lat' dir='ltr'>incubuisset</span> <span class='ocrx_word' id='word_1_70' title='bbox 941 1209 1002 1281; x_wconf 82' lang='lat' dir='ltr'>Qui</span> <span class='ocrx_word' id='word_1_71' title='bbox 1026 1227 1133 1268; x_wconf 89' lang='lat' dir='ltr'>eorum</span> <span class='ocrx_word' id='word_1_72' title='bbox 1158 1207 1243 1286; x_wconf 92' lang='lat' dir='ltr'>prior</span> 
     </span>
     <span class='ocr_line' id='line_1_10' title="bbox 187 1315 1242 1394; baseline -0.004 -18"><span class='ocrx_word' id='word_1_73' title='bbox 187 1317 326 1392; x_wconf 91' lang='lat' dir='ltr'>vicisset,</span> <span class='ocrx_word' id='word_1_74' title='bbox 355 1317 439 1376; x_wconf 88' lang='lat' dir='ltr'>intra</span> <span class='ocrx_word' id='word_1_75' title='bbox 467 1334 581 1394; x_wconf 91' lang='lat' dir='ltr'>paucos</span> <span class='ocrx_word' id='word_1_76' title='bbox 611 1317 679 1376; x_wconf 90' lang='lat' dir='ltr'>dies</span> <span class='ocrx_word' id='word_1_77' title='bbox 710 1323 813 1376; x_wconf 88' lang='lat' dir='ltr'>cestra</span> <span class='ocrx_word' id='word_1_78' title='bbox 841 1335 912 1376; x_wconf 90' lang='lat' dir='ltr'>cum</span> <span class='ocrx_word' id='word_1_79' title='bbox 933 1315 1032 1375; x_wconf 88' lang='lat' dir='ltr'>altero</span> <span class='ocrx_word' id='word_1_80' title='bbox 1053 1315 1242 1374; x_wconf 82' lang='lat' dir='ltr'>iunctorum.</span> 
     </span>
     <span class='ocr_line' id='line_1_11' title="bbox 188 1418 1292 1500; baseline -0.005 -18"><span class='ocrx_word' id='word_1_81' title='bbox 188 1422 341 1483; x_wconf 79' lang='lat' dir='ltr'>Terrebat</span> <span class='ocrx_word' id='word_1_82' title='bbox 370 1427 402 1482; x_wconf 91' lang='lat' dir='ltr'>et</span> <span class='ocrx_word' id='word_1_83' title='bbox 428 1421 590 1500; x_wconf 87' lang='lat' dir='ltr'>proximus</span> <span class='ocrx_word' id='word_1_84' title='bbox 619 1441 719 1482; x_wconf 87' lang='lat' dir='ltr'>annus</span> <span class='ocrx_word' id='word_1_85' title='bbox 750 1421 892 1498; x_wconf 82' lang='lat' dir='ltr'>lugubris</span> <span class='ocrx_word' id='word_1_86' title='bbox 920 1421 1052 1480; x_wconf 85' lang='lat' dir='ltr'>duorum</span> <span class='ocrx_word' id='word_1_87' title='bbox 1082 1418 1244 1479; x_wconf 91' lang='lat' dir='ltr'>consulum</span> <span class='ocrx_word' id='word_1_88' title='bbox 1263 1432 1292 1477; x_wconf 89' lang='lat'>10</span> 
     </span>
     <span class='ocr_line' id='line_1_12' title="bbox 188 1525 1245 1602; baseline -0.003 -15"><span class='ocrx_word' id='word_1_89' title='bbox 188 1528 363 1588; x_wconf 78' lang='lat' dir='ltr'>funeribus.</span> <span class='ocrx_word' id='word_1_90' title='bbox 406 1527 468 1588; x_wconf 91' lang='lat' dir='ltr'>His</span> <span class='ocrx_word' id='word_1_91' title='bbox 497 1528 584 1588; x_wconf 88' lang='lat' dir='ltr'>anxii</span> <span class='ocrx_word' id='word_1_92' title='bbox 612 1528 695 1588; x_wconf 91' lang='lat' dir='ltr'>euris</span> <span class='ocrx_word' id='word_1_93' title='bbox 718 1526 859 1587; x_wconf 90' lang='lat' dir='ltr'>homines</span> <span class='ocrx_word' id='word_1_94' title='bbox 882 1525 1094 1601; x_wconf 82' lang='lat' dir='ltr'>digredientes</span> <span class='ocrx_word' id='word_1_95' title='bbox 1119 1525 1153 1584; x_wconf 91' lang='lat' dir='ltr'>in</span> <span class='ocrx_word' id='word_1_96' title='bbox 1177 1543 1245 1602; x_wconf 92' lang='lat' dir='ltr'>pro-</span> 
     </span>
     <span class='ocr_line' id='line_1_13' title="bbox 188 1609 1245 1710; baseline -0.002 -18"><span class='ocrx_word' id='word_1_97' title='bbox 188 1632 309 1692; x_wconf 88' lang='lat' dir='ltr'>vincias</span> <span class='ocrx_word' id='word_1_98' title='bbox 334 1632 477 1693; x_wconf 88' lang='lat' dir='ltr'>consules</span> <span class='ocrx_word' id='word_1_99' title='bbox 505 1633 662 1710; x_wconf 88' lang='lat' dir='ltr'>prosecuti</span> <span class='ocrx_word' id='word_1_100' title='bbox 687 1637 772 1693; x_wconf 88' lang='lat' dir='ltr'>sunt.</span> <span class='ocrx_word' id='word_1_101' title='bbox 816 1632 987 1691; x_wconf 86' lang='lat' dir='ltr'>Memoriae</span> <span class='ocrx_word' id='word_1_102' title='bbox 1011 1609 1170 1709; x_wconf 89' lang='lat' dir='ltr'>proditum</span> <span class='ocrx_word' id='word_1_103' title='bbox 1196 1636 1245 1690; x_wconf 92' lang='lat' dir='ltr'>est</span> 
     </span>
     <span class='ocr_line' id='line_1_14' title="bbox 189 1735 1246 1816; baseline -0.002 -20"><span class='ocrx_word' id='word_1_104' title='bbox 189 1737 319 1816; x_wconf 91' lang='lat' dir='ltr'>plenum</span> <span class='ocrx_word' id='word_1_105' title='bbox 330 1737 433 1797; x_wconf 90' lang='lat' dir='ltr'>adhuc</span> <span class='ocrx_word' id='word_1_106' title='bbox 447 1737 512 1798; x_wconf 89' lang='lat' dir='ltr'>irae</span> <span class='ocrx_word' id='word_1_107' title='bbox 526 1737 560 1796; x_wconf 92' lang='lat' dir='ltr'>in</span> <span class='ocrx_word' id='word_1_108' title='bbox 570 1737 649 1798; x_wconf 86' lang='lat' dir='ltr'>civis</span> <span class='ocrx_word' id='word_1_109' title='bbox 663 1739 707 1797; x_wconf 92' lang='lat' dir='ltr'>M.</span> <span class='ocrx_word' id='word_1_110' title='bbox 724 1737 850 1797; x_wconf 86' lang='lat' dir='ltr'>Livium</span> <span class='ocrx_word' id='word_1_111' title='bbox 865 1737 905 1796; x_wconf 92' lang='lat' dir='ltr'>ad</span> <span class='ocrx_word' id='word_1_112' title='bbox 920 1735 1037 1796; x_wconf 93' lang='lat' dir='ltr'>bellum</span> <span class='ocrx_word' id='word_1_113' title='bbox 1052 1735 1246 1814; x_wconf 89' lang='lat' dir='ltr'>proficiscen-</span> 
     </span>
     <span class='ocr_line' id='line_1_15' title="bbox 188 1841 1246 1920; baseline -0.002 -18"><span class='ocrx_word' id='word_1_114' title='bbox 188 1849 264 1918; x_wconf 91' lang='lat' dir='ltr'>tem,</span> <span class='ocrx_word' id='word_1_115' title='bbox 286 1843 426 1902; x_wconf 89' lang='lat' dir='ltr'>monenti</span> <span class='ocrx_word' id='word_1_116' title='bbox 447 1842 482 1913; x_wconf 82' lang='lat' dir='ltr'>Q.</span> <span class='ocrx_word' id='word_1_117' title='bbox 506 1842 603 1902; x_wconf 84' lang='lat' dir='ltr'>Fabio</span> <span class='ocrx_word' id='word_1_118' title='bbox 625 1862 664 1902; x_wconf 91' lang='lat' dir='ltr'>ne</span> <span class='ocrx_word' id='word_1_119' title='bbox 689 1843 871 1920; x_wconf 90' lang='lat' dir='ltr'>priusquam</span> <span class='ocrx_word' id='word_1_120' title='bbox 898 1861 995 1918; x_wconf 89' lang='lat' dir='ltr'>genus</span> <span class='ocrx_word' id='word_1_121' title='bbox 1017 1841 1157 1900; x_wconf 89' lang='lat' dir='ltr'>hostium</span> <span class='ocrx_word' id='word_1_122' title='bbox 1179 1860 1246 1918; x_wconf 90' lang='lat' dir='ltr'>cog-</span> 
     </span>
     <span class='ocr_line' id='line_1_16' title="bbox 189 1946 1293 2026; baseline -0.002 -20"><span class='ocrx_word' id='word_1_123' title='bbox 189 1953 297 2008; x_wconf 87' lang='lat' dir='ltr'>nosset</span> <span class='ocrx_word' id='word_1_124' title='bbox 318 1952 435 2007; x_wconf 88' lang='lat' dir='ltr'>temere</span> <span class='ocrx_word' id='word_1_125' title='bbox 456 1967 583 2007; x_wconf 90' lang='lat' dir='ltr'>manum</span> <span class='ocrx_word' id='word_1_126' title='bbox 605 1953 790 2022; x_wconf 85' lang='lat' dir='ltr'>consereret,</span> <span class='ocrx_word' id='word_1_127' title='bbox 812 1947 1011 2026; x_wconf 87' lang='lat' dir='ltr'>respondisse</span> <span class='ocrx_word' id='word_1_128' title='bbox 1033 1946 1088 2006; x_wconf 91' lang='lat' dir='ltr'>ubi</span> <span class='ocrx_word' id='word_1_129' title='bbox 1109 1947 1245 2024; x_wconf 91' lang='lat' dir='ltr'>primum</span> <span class='ocrx_word' id='word_1_130' title='bbox 1265 1959 1293 2004; x_wconf 77' lang='lat'>15</span> 
     </span>
     <span class='ocr_line' id='line_1_17' title="bbox 190 2052 1246 2131; baseline -0.001 -20"><span class='ocrx_word' id='word_1_131' title='bbox 190 2052 331 2113; x_wconf 89' lang='lat' dir='ltr'>hostium</span> <span class='ocrx_word' id='word_1_132' title='bbox 342 2071 453 2130; x_wconf 91' lang='lat' dir='ltr'>agmen</span> <span class='ocrx_word' id='word_1_133' title='bbox 464 2053 680 2130; x_wconf 84' lang='lat' dir='ltr'>conspexisset</span> <span class='ocrx_word' id='word_1_134' title='bbox 691 2059 911 2131; x_wconf 87' lang='lat' dir='ltr'>pugnaturum.</span> <span class='ocrx_word' id='word_1_135' title='bbox 955 2053 1033 2114; x_wconf 84' lang='lat' dir='ltr'>Cum</span> <span class='ocrx_word' id='word_1_136' title='bbox 1044 2056 1246 2129; x_wconf 90' lang='lat' dir='ltr'>quaereretur</span> 
     </span>
     <span class='ocr_line' id='line_1_18' title="bbox 191 2155 1244 2235; baseline -0.001 -19"><span class='ocrx_word' id='word_1_137' title='bbox 191 2177 271 2235; x_wconf 91' lang='lat' dir='ltr'>quae</span> <span class='ocrx_word' id='word_1_138' title='bbox 283 2176 377 2218; x_wconf 87' lang='lat' dir='ltr'>cansa</span> <span class='ocrx_word' id='word_1_139' title='bbox 384 2157 557 2218; x_wconf 87' lang='lat' dir='ltr'>festinandi</span> <span class='ocrx_word' id='word_1_140' title='bbox 566 2164 658 2234; x_wconf 91' lang='lat' dir='ltr'>esset,</span> <span class='ocrx_word' id='word_1_141' title='bbox 671 2158 762 2218; x_wconf 79' lang='lat' dir='ltr'>“Aut</span> <span class='ocrx_word' id='word_1_142' title='bbox 773 2177 812 2218; x_wconf 86' lang='lat' dir='ltr'>ex</span> <span class='ocrx_word' id='word_1_143' title='bbox 820 2159 910 2218; x_wconf 90' lang='lat' dir='ltr'>hoste</span> <span class='ocrx_word' id='word_1_144' title='bbox 920 2157 1075 2234; x_wconf 89' lang='lat' dir='ltr'>egregiam</span> <span class='ocrx_word' id='word_1_145' title='bbox 1088 2155 1244 2232; x_wconf 85' lang='lat' dir='ltr'>gloriam”</span> 
     </span>
     <span class='ocr_line' id='line_1_19' title="bbox 191 2261 1246 2340; baseline -0.001 -19"><span class='ocrx_word' id='word_1_146' title='bbox 191 2262 306 2340; x_wconf 90' lang='lat' dir='ltr'>inquit,</span> <span class='ocrx_word' id='word_1_147' title='bbox 325 2268 404 2323; x_wconf 87' lang='lat' dir='ltr'>“aut</span> <span class='ocrx_word' id='word_1_148' title='bbox 422 2281 461 2322; x_wconf 86' lang='lat' dir='ltr'>ex</span> <span class='ocrx_word' id='word_1_149' title='bbox 485 2263 607 2324; x_wconf 88' lang='lat' dir='ltr'>civibus</span> <span class='ocrx_word' id='word_1_150' title='bbox 630 2263 723 2324; x_wconf 87' lang='lat' dir='ltr'>victis</span> <span class='ocrx_word' id='word_1_151' title='bbox 743 2263 891 2340; x_wconf 89' lang='lat' dir='ltr'>gaudium</span> <span class='ocrx_word' id='word_1_152' title='bbox 908 2262 1055 2322; x_wconf 90' lang='lat' dir='ltr'>meritum</span> <span class='ocrx_word' id='word_1_153' title='bbox 1071 2267 1164 2338; x_wconf 90' lang='lat' dir='ltr'>certe,</span> <span class='ocrx_word' id='word_1_154' title='bbox 1185 2261 1246 2320; x_wconf 91' lang='lat' dir='ltr'>etsi</span> 
     </span>
     <span class='ocr_line' id='line_1_20' title="bbox 191 2367 613 2445; baseline 0.002 -19"><span class='ocrx_word' id='word_1_155' title='bbox 191 2386 254 2427; x_wconf 92' lang='lat' dir='ltr'>non</span> <span class='ocrx_word' id='word_1_156' title='bbox 268 2367 446 2443; x_wconf 89' lang='lat' dir='ltr'>honestum,</span> <span class='ocrx_word' id='word_1_157' title='bbox 462 2367 613 2445; x_wconf 86' lang='lat' dir='ltr'>capiam.&#39;&#39;</span> 
     </span>
    </p>

    <p class='ocr_par' dir='ltr' id='par_1_4' title="bbox 192 2472 1297 3077">
     <span class='ocr_line' id='line_1_21' title="bbox 233 2472 1295 2553; baseline 0 -23"><span class='ocrx_word' id='word_1_158' title='bbox 233 2474 322 2532; x_wconf 92' lang='lat' dir='ltr'>Inter</span> <span class='ocrx_word' id='word_1_159' title='bbox 331 2472 408 2532; x_wconf 93' lang='lat' dir='ltr'>haec</span> <span class='ocrx_word' id='word_1_160' title='bbox 417 2473 457 2532; x_wconf 88' lang='lat' dir='ltr'>ab</span> <span class='ocrx_word' id='word_1_161' title='bbox 468 2473 677 2550; x_wconf 89' lang='lat' dir='ltr'>Hasdrubale,</span> <span class='ocrx_word' id='word_1_162' title='bbox 690 2481 856 2553; x_wconf 91' lang='lat' dir='ltr'>postquam</span> <span class='ocrx_word' id='word_1_163' title='bbox 866 2472 1076 2534; x_wconf 90' lang='lat' dir='ltr'>aPlacentiae</span> <span class='ocrx_word' id='word_1_164' title='bbox 1085 2472 1245 2533; x_wconf 89' lang='lat' dir='ltr'>obsidione</span> <span class='ocrx_word' id='word_1_165' title='bbox 1265 2483 1295 2530; x_wconf 74' lang='lat'>20</span> 
     </span>
     <span class='ocr_line' id='line_1_22' title="bbox 192 2576 1246 2657; baseline 0 -19"><span class='ocrx_word' id='word_1_166' title='bbox 192 2576 354 2653; x_wconf 86' lang='lat' dir='ltr'>abscessit,</span> <span class='ocrx_word' id='word_1_167' title='bbox 370 2583 519 2654; x_wconf 90' lang='lat' dir='ltr'>quattuor</span> <span class='ocrx_word' id='word_1_168' title='bbox 536 2579 622 2639; x_wconf 85' lang='lat' dir='ltr'>Galli</span> <span class='ocrx_word' id='word_1_169' title='bbox 640 2579 771 2657; x_wconf 89' lang='lat' dir='ltr'>equites,</span> <span class='ocrx_word' id='word_1_170' title='bbox 787 2581 848 2638; x_wconf 90' lang='lat' dir='ltr'>duc</span> <span class='ocrx_word' id='word_1_171' title='bbox 867 2579 1025 2638; x_wconf 88' lang='lat' dir='ltr'>Numidae</span> <span class='ocrx_word' id='word_1_172' title='bbox 1040 2597 1109 2638; x_wconf 91' lang='lat' dir='ltr'>cum</span> <span class='ocrx_word' id='word_1_173' title='bbox 1128 2577 1246 2638; x_wconf 87' lang='lat' dir='ltr'>litteris</span> 
     </span>
     <span class='ocr_line' id='line_1_23' title="bbox 193 2681 1248 2762; baseline 0.001 -21"><span class='ocrx_word' id='word_1_174' title='bbox 193 2681 282 2742; x_wconf 91' lang='lat' dir='ltr'>missi</span> <span class='ocrx_word' id='word_1_175' title='bbox 292 2682 333 2742; x_wconf 89' lang='lat' dir='ltr'>ad</span> <span class='ocrx_word' id='word_1_176' title='bbox 343 2681 555 2743; x_wconf 87' lang='lat' dir='ltr'>Hannibalem</span> <span class='ocrx_word' id='word_1_177' title='bbox 566 2703 635 2743; x_wconf 92' lang='lat' dir='ltr'>cum</span> <span class='ocrx_word' id='word_1_178' title='bbox 648 2703 703 2762; x_wconf 89' lang='lat' dir='ltr'>per</span> <span class='ocrx_word' id='word_1_179' title='bbox 714 2685 834 2744; x_wconf 89' lang='lat' dir='ltr'>medios</span> <span class='ocrx_word' id='word_1_180' title='bbox 845 2684 950 2745; x_wconf 88' lang='lat' dir='ltr'>hostes</span> <span class='ocrx_word' id='word_1_181' title='bbox 961 2689 1057 2744; x_wconf 87' lang='lat' dir='ltr'>totam</span> <span class='ocrx_word' id='word_1_182' title='bbox 1071 2684 1169 2744; x_wconf 86' lang='lat' dir='ltr'>ferme</span> <span class='ocrx_word' id='word_1_183' title='bbox 1183 2683 1248 2743; x_wconf 93' lang='lat' dir='ltr'>lon·</span> 
     </span>
     <span class='ocr_line' id='line_1_24' title="bbox 193 2787 1246 2867; baseline 0 -19"><span class='ocrx_word' id='word_1_184' title='bbox 193 2787 370 2863; x_wconf 88' lang='lat' dir='ltr'>gitudiuem</span> <span class='ocrx_word' id='word_1_185' title='bbox 380 2787 494 2848; x_wconf 88' lang='lat' dir='ltr'>Italiae</span> <span class='ocrx_word' id='word_1_186' title='bbox 506 2789 625 2850; x_wconf 90' lang='lat' dir='ltr'>emensi</span> <span class='ocrx_word' id='word_1_187' title='bbox 636 2795 751 2866; x_wconf 90' lang='lat' dir='ltr'>essent,</span> <span class='ocrx_word' id='word_1_188' title='bbox 766 2790 841 2850; x_wconf 89' lang='lat' dir='ltr'>dum</span> <span class='ocrx_word' id='word_1_189' title='bbox 850 2791 1070 2867; x_wconf 88' lang='lat' dir='ltr'>Metapontum</span> <span class='ocrx_word' id='word_1_190' title='bbox 1085 2789 1246 2850; x_wconf 89' lang='lat' dir='ltr'>cedentem</span> 
     </span>
     <span class='ocr_line' id='line_1_25' title="bbox 193 2892 1247 2972; baseline 0.002 -21"><span class='ocrx_word' id='word_1_191' title='bbox 193 2892 406 2953; x_wconf 88' lang='lat' dir='ltr'>Hannibalem</span> <span class='ocrx_word' id='word_1_192' title='bbox 424 2899 606 2972; x_wconf 90' lang='lat' dir='ltr'>sequuntur,</span> <span class='ocrx_word' id='word_1_193' title='bbox 629 2895 758 2956; x_wconf 90' lang='lat' dir='ltr'>incertis</span> <span class='ocrx_word' id='word_1_194' title='bbox 779 2895 946 2956; x_wconf 86' lang='lat' dir='ltr'>itineribus</span> <span class='ocrx_word' id='word_1_195' title='bbox 961 2896 1133 2956; x_wconf 86' lang='lat' dir='ltr'>Tarentum</span> <span class='ocrx_word' id='word_1_196' title='bbox 1149 2894 1247 2954; x_wconf 89' lang='lat' dir='ltr'>delati</span> 
     </span>
     <span class='ocr_line' id='line_1_26' title="bbox 193 2997 1297 3077; baseline -0.002 -20"><span class='ocrx_word' id='word_1_197' title='bbox 193 3015 213 3057; x_wconf 88' lang='lat' dir='ltr'>a</span> <span class='ocrx_word' id='word_1_198' title='bbox 238 2997 328 3073; x_wconf 86' lang='lat' dir='ltr'>vagis</span> <span class='ocrx_word' id='word_1_199' title='bbox 353 3016 409 3076; x_wconf 90' lang='lat' dir='ltr'>per</span> <span class='ocrx_word' id='word_1_200' title='bbox 429 3017 519 3075; x_wconf 89' lang='lat' dir='ltr'>agros</span> <span class='ocrx_word' id='word_1_201' title='bbox 540 2999 777 3077; x_wconf 86' lang='lat' dir='ltr'>pabulatoribus</span> <span class='ocrx_word' id='word_1_202' title='bbox 796 3001 947 3061; x_wconf 80' lang='lat' dir='ltr'>Romanis</span> <span class='ocrx_word' id='word_1_203' title='bbox 966 3001 1007 3061; x_wconf 90' lang='lat' dir='ltr'>ad</span> <span class='ocrx_word' id='word_1_204' title='bbox 1026 3001 1059 3071; x_wconf 78' lang='lat' dir='ltr'>Q.</span> <span class='ocrx_word' id='word_1_205' title='bbox 1081 2999 1248 3060; x_wconf 75' lang='lat' dir='ltr'>Claudium</span> <span class='ocrx_word' id='word_1_206' title='bbox 1267 3011 1297 3056; x_wconf 80' lang='lat' dir='ltr'>ao</span> 
     </span>
    </p>
   </div>
   <div class='ocr_carea' id='block_1_4' title="bbox 85 3104 1248 3184">
    <p class='ocr_par' dir='ltr' id='par_1_5' title="bbox 85 3104 1248 3184">
     <span class='ocr_line' id='line_1_27' title="bbox 85 3104 1248 3184; baseline 0.006 -26"><span class='ocrx_word' id='word_1_207' title='bbox 85 3143 90 3157; x_wconf 92' lang='lat'>.</span> <span class='ocrx_word' id='word_1_208' title='bbox 194 3107 424 3180; x_wconf 90' lang='lat' dir='ltr'>propraetorem</span> <span class='ocrx_word' id='word_1_209' title='bbox 448 3104 653 3164; x_wconf 90' lang='lat' dir='ltr'>deducuntur.</span> <span class='ocrx_word' id='word_1_210' title='bbox 696 3107 773 3166; x_wconf 86' lang='lat' dir='ltr'>Eum</span> <span class='ocrx_word' id='word_1_211' title='bbox 791 3106 892 3184; x_wconf 91' lang='lat' dir='ltr'>primo</span> <span class='ocrx_word' id='word_1_212' title='bbox 910 3105 1039 3167; x_wconf 89' lang='lat' dir='ltr'>incertis</span> <span class='ocrx_word' id='word_1_213' title='bbox 1059 3105 1248 3183; x_wconf 88' lang='lat' dir='ltr'>inplicantes</span> 
     </span>
    </p>
   </div>
   <div class='ocr_carea' id='block_1_5' title="bbox 194 3208 1300 3819">
    <p class='ocr_par' dir='ltr' id='par_1_6' title="bbox 194 3208 1300 3819">
     <span class='ocr_line' id='line_1_28' title="bbox 194 3208 1248 3288; baseline 0.003 -22"><span class='ocrx_word' id='word_1_214' title='bbox 194 3208 363 3284; x_wconf 88' lang='lat' dir='ltr'>responsis,</span> <span class='ocrx_word' id='word_1_215' title='bbox 378 3215 414 3268; x_wconf 91' lang='lat' dir='ltr'>ut</span> <span class='ocrx_word' id='word_1_216' title='bbox 429 3215 531 3270; x_wconf 90' lang='lat' dir='ltr'>metus</span> <span class='ocrx_word' id='word_1_217' title='bbox 545 3216 770 3271; x_wconf 88' lang='lat' dir='ltr'>tormentorum</span> <span class='ocrx_word' id='word_1_218' title='bbox 785 3214 929 3273; x_wconf 90' lang='lat' dir='ltr'>admotus</span> <span class='ocrx_word' id='word_1_219' title='bbox 943 3211 1039 3272; x_wconf 82' lang='lat' dir='ltr'>fateri</span> <span class='ocrx_word' id='word_1_220' title='bbox 1049 3229 1124 3272; x_wconf 88' lang='lat' dir='ltr'>vera</span> <span class='ocrx_word' id='word_1_221' title='bbox 1137 3210 1248 3288; x_wconf 86' lang='lat' dir='ltr'>coegit,</span> 
     </span>
     <span class='ocr_line' id='line_1_29' title="bbox 194 3312 1248 3378; baseline 0.003 -7"><span class='ocrx_word' id='word_1_222' title='bbox 194 3312 386 3372; x_wconf 89' lang='lat' dir='ltr'>edocuerunt</span> <span class='ocrx_word' id='word_1_223' title='bbox 405 3313 528 3375; x_wconf 86' lang='lat' dir='ltr'>litteras</span> <span class='ocrx_word' id='word_1_224' title='bbox 548 3335 580 3376; x_wconf 91' lang='lat' dir='ltr'>se</span> <span class='ocrx_word' id='word_1_225' title='bbox 598 3317 638 3378; x_wconf 88' lang='lat' dir='ltr'>ab</span> <span class='ocrx_word' id='word_1_226' title='bbox 652 3317 853 3378; x_wconf 88' lang='lat' dir='ltr'>Hasdrubale</span> <span class='ocrx_word' id='word_1_227' title='bbox 870 3317 911 3378; x_wconf 88' lang='lat' dir='ltr'>ad</span> <span class='ocrx_word' id='word_1_228' title='bbox 930 3316 1143 3378; x_wconf 90' lang='lat' dir='ltr'>Hannibalem</span> <span class='ocrx_word' id='word_1_229' title='bbox 1157 3316 1248 3375; x_wconf 81' lang='lat' dir='ltr'>ferre.</span> 
     </span>
     <span class='ocr_line' id='line_1_30' title="bbox 195 3416 1251 3500; baseline 0.003 -23"><span class='ocrx_word' id='word_1_230' title='bbox 195 3416 275 3477; x_wconf 82' lang='lat' dir='ltr'>Cum</span> <span class='ocrx_word' id='word_1_231' title='bbox 300 3417 340 3478; x_wconf 92' lang='lat' dir='ltr'>iis</span> <span class='ocrx_word' id='word_1_232' title='bbox 360 3418 477 3481; x_wconf 88' lang='lat' dir='ltr'>litteris</span> <span class='ocrx_word' id='word_1_233' title='bbox 501 3421 583 3482; x_wconf 90' lang='lat' dir='ltr'>sicut</span> <span class='ocrx_word' id='word_1_234' title='bbox 611 3429 700 3482; x_wconf 90' lang='lat' dir='ltr'>erant</span> <span class='ocrx_word' id='word_1_235' title='bbox 729 3423 862 3500; x_wconf 90' lang='lat' dir='ltr'>signatis</span> <span class='ocrx_word' id='word_1_236' title='bbox 887 3425 922 3483; x_wconf 79' lang='grc' dir='ltr'>Ιι.</span> <span class='ocrx_word' id='word_1_237' title='bbox 948 3423 1099 3500; x_wconf 90' lang='lat' dir='ltr'>Verginio</span> <span class='ocrx_word' id='word_1_238' title='bbox 1123 3421 1251 3481; x_wconf 86' lang='lat' dir='ltr'>tribuno</span> 
     </span>
     <span class='ocr_line' id='line_1_31' title="bbox 194 3522 1300 3597; baseline 0.007 -16"><span class='ocrx_word' id='word_1_239' title='bbox 194 3522 335 3582; x_wconf 89' lang='lat' dir='ltr'>militum</span> <span class='ocrx_word' id='word_1_240' title='bbox 356 3525 492 3586; x_wconf 89' lang='lat' dir='ltr'>ducendi</span> <span class='ocrx_word' id='word_1_241' title='bbox 513 3527 554 3587; x_wconf 86' lang='lat' dir='ltr'>ad</span> <span class='ocrx_word' id='word_1_242' title='bbox 574 3527 740 3589; x_wconf 84' lang='lat' dir='ltr'>Claudium</span> <span class='ocrx_word' id='word_1_243' title='bbox 764 3529 923 3590; x_wconf 88' lang='lat' dir='ltr'>consulem</span> <span class='ocrx_word' id='word_1_244' title='bbox 944 3529 1120 3589; x_wconf 88' lang='lat' dir='ltr'>traduntur.</span> <span class='ocrx_word' id='word_1_245' title='bbox 1164 3526 1300 3597; x_wconf 82' lang='lat' dir='ltr'>Quaeso</span> 
     </span>
     <span class='ocr_line' id='line_1_32' title="bbox 196 3627 1252 3712; baseline 0.004 -25"><span class='ocrx_word' id='word_1_246' title='bbox 196 3627 291 3688; x_wconf 90' lang='lat' dir='ltr'>simul</span> <span class='ocrx_word' id='word_1_247' title='bbox 310 3634 432 3690; x_wconf 88' lang='lat' dir='ltr'>turmae</span> <span class='ocrx_word' id='word_1_248' title='bbox 452 3632 640 3693; x_wconf 82' lang='lat' dir='ltr'>Samnitium</span> <span class='ocrx_word' id='word_1_249' title='bbox 660 3635 811 3712; x_wconf 88' lang='lat' dir='ltr'>praesidii</span> <span class='ocrx_word' id='word_1_250' title='bbox 831 3655 925 3696; x_wconf 89' lang='lat' dir='ltr'>causa</span> <span class='ocrx_word' id='word_1_251' title='bbox 943 3636 1066 3696; x_wconf 90' lang='lat' dir='ltr'>missae.</span> <span class='ocrx_word' id='word_1_252' title='bbox 1109 3632 1174 3692; x_wconf 94' lang='lat' dir='ltr'>Dui</span> <span class='ocrx_word' id='word_1_253' title='bbox 1196 3631 1252 3692; x_wconf 89' lang='lat' dir='ltr'>nbi</span> 
     </span>
     <span class='ocr_line' id='line_1_33' title="bbox 195 3733 1251 3819; baseline 0.003 -27"><span class='ocrx_word' id='word_1_254' title='bbox 195 3733 235 3792; x_wconf 83' lang='lat' dir='ltr'>ad</span> <span class='ocrx_word' id='word_1_255' title='bbox 255 3734 416 3796; x_wconf 89' lang='lat' dir='ltr'>consulem</span> <span class='ocrx_word' id='word_1_256' title='bbox 434 3746 644 3814; x_wconf 91' lang='lat' dir='ltr'>pervenerunt</span> <span class='ocrx_word' id='word_1_257' title='bbox 660 3738 848 3818; x_wconf 89' lang='lat' dir='ltr'>litteraeque</span> <span class='ocrx_word' id='word_1_258' title='bbox 863 3740 962 3801; x_wconf 91' lang='lat' dir='ltr'>lectae</span> <span class='ocrx_word' id='word_1_259' title='bbox 977 3759 1033 3819; x_wconf 87' lang='lat' dir='ltr'>per</span> <span class='ocrx_word' id='word_1_260' title='bbox 1046 3739 1251 3816; x_wconf 89' lang='lat' dir='ltr'>interpretem</span> 
     </span>
    </p>
   </div>
   <div class='ocr_carea' id='block_1_6' title="bbox 0 0 1535 4278">
    <p class='ocr_par' dir='ltr' id='par_1_7' title="bbox 0 0 1535 4278">
     <span class='ocr_line' id='line_1_34' title="bbox 0 0 1535 4278; baseline 0 0"><span class='ocrx_word' id='word_1_261' title='bbox 0 0 1535 4278; x_wconf 95' lang='lat' dir='ltr'> </span> 
     </span>
    </p>
   </div>
  </div>
 </body>
</html>
