3058 4284
547 391 733 450 crouao’s
757 391 940 448 narrans
1203 379 1269 448 113

736 611 755 673 t

390 771 461 836 Ser.
483 771 534 834 ad
550 771 679 835 villam
695 792 744 833 m.
763 771 840 834 Dec.
860 791 891 834 u.
912 770 988 848 694
1007 772 1096 838 (60).

594 915 690 974 cicero
707 917 807 973 Attico
825 917 884 972 sal.

258 1057 357 1119 Venio
372 1076 455 1117 nunc
470 1057 510 1118 ad
524 1074 663 1118 mensem
674 1055 857 1116 Ianuarium
869 1057 952 1117 etad
963 1058 1120 1118 ὑπόστασιν
1131 1063 1270 1117 nostram

217 1181 253 1222 ac
267 1164 410 1224 πολιτείαν
423 1163 457 1222 in
471 1181 534 1241 qua
549 1165 729 1241 Σωκρατικῶς
757 1167 794 1226 εἰς
808 1164 938 1240 ἑκάτερον
956 1163 1012 1222 sed
1033 1169 1138 1222 ‘tamen
1159 1163 1200 1223 ad
1221 1181 1270 1222 ex·

217 1273 361 1343 tremum,
376 1274 412 1327 ut
426 1267 475 1326 illi
490 1267 642 1342 solebant,
657 1269 709 1346 τὴν
719 1268 901 1345 ἀρέσκουσιν.
944 1267 1004 1327 Est
1015 1285 1064 1327 res
1077 1284 1151 1327 eane
1163 1268 1269 1346 magni

216 1372 359 1448 consilii3
381 1391 453 1432 nam
469 1378 524 1433 aut
538 1371 665 1432 fortiter
679 1371 889 1432 resistendum
911 1377 959 1432 eet
980 1371 1042 1448 legi
1064 1371 1215 1448 agrariae,
1235 1372 1270 1432 in

218 1496 280 1555 quo
301 1484 350 1539 est
371 1478 524 1556 quaedam
546 1477 707 1538 dimicatio
727 1477 782 1536 sed
803 1476 898 1555 plena
914 1477 1027 1552 laudis,
1043 1483 1098 1537 ant
1112 1477 1303 1555 quiescent

219 1583 303 1658 dum,
318 1584 402 1662 quod
417 1589 465 1644 eet
479 1602 541 1642 non
556 1581 711 1643 dissimile
726 1588 821 1660 atque
834 1581 880 1642 ire
895 1581 929 1641 in
950 1582 1111 1642 Solonium
1133 1588 1188 1643 aut
1209 1584 1272 1642 An-

217 1687 308 1764 tium,
336 1695 392 1749 aut
419 1689 512 1749 etiam
536 1687 759 1764 adiuvandum,
781 1688 864 1766 quod
886 1707 904 1748 a
925 1706 974 1748 me
995 1689 1086 1748 aiunt
1107 1688 1272 1748 Caesarem

218 1793 263 1854 sio
278 1799 491 1872 expectarent
505 1813 567 1853 non
582 1793 714 1853 dubitet.
756 1794 839 1853 Nam
854 1792 918 1853 fnit
932 1793 1015 1872 apud
1029 1812 1078 1854 me
1098 1793 1271 1868 Cornelius,

218 1899 303 1960 hunc
317 1899 387 1959 dico
402 1899 546 1974 Balbum,
569 1899 711 1959 Caesaris
733 1899 932 1959 familiarem.
974 1900 1008 1958 Is
1030 1898 1217 1959 adfirmabat
1237 1898 1273 1957 il-

219 2003 286 2064 lum
303 2003 449 2065 omnibus
470 2004 505 2063 in
525 2004 618 2064 rebus
637 2023 705 2064 meu
721 2010 753 2064 et
773 2003 904 2082 Pompei
919 2003 1052 2064 consilio
1067 2023 1206 2079 usurum,
1222 2003 1273 2064 da·
1292 2017 1321 2063 10

219 2114 388 2187 turumque
416 2127 542 2187 operam
568 2115 603 2168 ut
624 2127 696 2169 cum
717 2109 868 2187 Pompeio
890 2109 1037 2169 Crassum
1060 2108 1270 2184 coniungeret.

219 2215 283 2274 Hic
308 2221 382 2276 sunt
406 2213 492 2289 haec,
518 2213 696 2276 coniunctio
721 2214 799 2274 mihi
825 2234 946 2276 summa
968 2233 1038 2274 cum
1061 2214 1221 2292 Pompeio,
1243 2213 1271 2274 si

219 2319 331 2399 placet,
347 2321 443 2380 etiam
456 2339 527 2380 curn
543 2320 684 2396 Caesare,
699 2320 821 2381 reditus
836 2321 1017 2397 ingratiam
1032 2339 1104 2380 oum
1122 2319 1269 2396 inimicis,

220 2445 283 2504 pax
301 2444 373 2485 cnm
390 2425 605 2501 multitudine,
627 2426 799 2487 senectutis
820 2425 929 2485 otium.
972 2425 1035 2485 Sed
1056 2443 1105 2485 me
1127 2427 1272 2490 ιιστακλιὶς

220 2550 289 2592 mea
303 2530 361 2591 illa
374 2537 559 2608 commovet,
574 2550 654 2611 quae
668 2537 717 2592 est
732 2531 765 2590 in
780 2530 861 2591 libro
876 2530 989 2590 tertio:
1279 2533 1323 2590 '15

220 2663 366 2722 ‘Interea
380 2679 489 2722 cursus
504 2680 582 2739 quos
598 2661 700 2740 prima
713 2681 733 2722 a
746 2667 835 2740 parte
851 2661 997 2721 iuventae

220 2767 366 2845 Quosque
380 2767 458 2828 adeo
472 2767 582 2827 consul
598 2767 715 2828 virtute
730 2767 896 2844 animoque
910 2766 1030 2844 petisti,

221 2873 291 2932 Hos
305 2872 405 2933 retine
420 2878 515 2951 atque
530 2891 608 2950 auge
625 2872 741 2933 famam
756 2872 928 2950 laudesque
942 2871 1112 2932 bonorum!

221 3019 309 3080 Haec
338 3018 417 3079 mihi
446 3039 517 3080 eum
544 3019 578 3079 in
606 3039 642 3081 eo
670 3019 750 3080 libro
777 3019 812 3078 in
840 3039 901 3097 quo
928 3018 1029 3078 multa
1056 3023 1130 3078 sunt
1157 3017 1275 3096 scripta

221 3130 457 3204 ἀριστοκρατικῶς
473 3125 614 3204 Calliope
632 3125 702 3204 ipsa
723 3123 970 3204 praescripserit,
992 3142 1054 3182 non
1075 3122 1186 3201 opinor
1206 3141 1274 3183 esse
1293 3135 1324 3184 ao

222 3230 431 3292 dubitandum
447 3231 524 3308 quin
539 3251 661 3310 semper
675 3231 765 3291 nobis
780 3229 925 3289 videatur

394 3362 451 3426 ‘tls
473 3365 567 3426 οἰωνὸς
588 3367 702 3442 ἄριστος
723 3361 873 3439 ἀμύνεσθαι
892 3361 956 3438 περὶ
976 3361 1103 3438 πάτρης)

265 3509 326 3569 Sed
344 3509 421 3569 haec
440 3509 705 3569 ambulationibus
727 3507 955 3585 Compitaliciis
977 3523 1182 3566 reservemus.
1225 3505 1275 3564 Tu

223 3613 324 3692 pridie
353 3613 544 3693 Compitalia
577 3619 741 3674 memento.
798 3612 963 3672 Balineum
998 3609 1117 3670 calfieri
1152 3609 1273 3669 iubebo

223 3719 267 3779 Et
308 3720 514 3799 Pomponiam
558 3717 706 3780 Terentia
742 3723 848 3794 rogat3
891 3722 1023 3776 matrem
1058 3715 1274 3790 adiungemus.
1296 3728 1326 3774 25

224 3828 411 3904 Θεοφράστσιι
424 3827 487 3906 περὶ
503 3825 663 3903 φιλοτιμίας
675 3823 765 3884 adfer
780 3822 859 3882 mihi
874 3823 912 3882 de
926 3820 1016 3882 libris
1031 3819 1142 3892 Quinti
1153 3819 1274 3882 fratris.
