3058 4284
262 277 328 346 136
588 289 712 346 LATIN
737 290 986 348 SELECTIONS

260 461 442 521 adulescens
464 460 632 521 Orestillae
651 460 750 521 filiam
772 459 832 521 sibi
846 461 1031 539 despondit;
1054 461 1154 522 Paula
1174 462 1309 539 Valeria,

260 585 346 628 soror
359 565 471 640 Triari,
486 565 659 626 divortium
680 565 747 626 sine
768 584 863 627 cansa
884 585 946 644 quo
967 566 1018 626 die
1040 566 1089 626 vir
1110 585 1127 628 e
1147 567 1310 645 provincia

260 677 411 732 venturus
439 676 506 732 erat
533 671 629 748 fecit3
657 678 795 750 nuptura
823 677 872 732 est
899 673 937 731 D.
967 672 1073 732 Bruto.
1117 675 1134 745 †
1159 673 1309 734 Nondum

259 778 434 838 rettuleras.
477 777 582 838 Multa
595 777 629 836 in
643 777 701 837 hoc
713 795 824 853 genere
838 777 1077 839 incredibiliate
1091 779 1220 840 absente
1234 780 1310 840 acci·

225 886 382 945 ederunt.
426 883 552 945 Servius
575 884 683 945 Ocella
709 884 828 944 nemini
850 884 1058 962 persuasisset
1085 903 1118 946 sc
1146 886 1309 946 moechum

259 1009 337 1066 esse,
358 990 421 1050 nisi
448 989 554 1050 triduo
582 990 629 1051 bis
651 990 823 1073 deprensus
850 996 943 1052 esset.
986 991 1121 1062 Quaeres
1144 990 1207 1052 nbi.
1253 993 1311 1054 Ubi

259 1094 401 1156 hercules
422 1114 479 1172 ego
500 1095 628 1155 minime
648 1095 773 1156 vellem.
814 1095 972 1174 Relinque
992 1095 1052 1156 tibi
1074 1095 1158 1174 qnod
1179 1096 1218 1156 ab
1238 1095 1310 1156 aliis

260 1219 407 1278 quaeras3
435 1200 639 1278 nequeenim
662 1199 810 1278 displicet
831 1201 910 1260 milri
930 1201 1148 1279 imperatorem
1171 1200 1309 1278 singulos

258 1304 444 1384 percontari,
459 1323 527 1366 cnm
543 1305 661 1383 quasit
676 1305 774 1382 aliqui
788 1306 969 1384 deprensus.

696 1594 803 1657 ·1e

259 1757 330 1819 Scr-
349 1756 483 1818 Romae
499 1756 551 1819 vel
568 1776 620 1818 erc.
640 1776 688 1818 m.
707 1755 791 1834 Apr.
811 1756 863 1818 vel
880 1756 929 1817 in.
948 1756 1038 1818 Mai.
1058 1776 1090 1818 o.
1112 1755 1187 1833 704
1206 1755 1295 1823 (50).

430 1901 434 1910 ’
520 1903 560 1958 lt.
579 1903 649 1958 carc
667 1901 696 1957 S.
715 1903 749 1958 D.
768 1902 807 1957 Μ.
827 1901 954 1960 Ciceroni
972 1902 1047 1972 Imp.

211 2062 240 2106 10
299 2041 388 2112 Quod
415 2048 447 2101 et
468 2060 517 2101 res
538 2059 567 2118 p.
591 2059 640 2099 me
661 2045 693 2100 ct
714 2045 822 2100 nostra
849 2039 991 2100 amicitia
1011 2040 1155 2101 hortatur
1176 2041 1310 2102 libenter

258 2147 341 2207 facio
356 2152 392 2206 ut
413 2153 499 2206 tuam
522 2146 680 2221 virtutem,
698 2144 917 2219 innocentiam,
933 2144 1130 2222 diligentiam
1152 2146 1308 2223 cognitam

259 2252 292 2311 in
314 2251 460 2311 maximis
482 2252 574 2311 rebus
596 2250 681 2310 domi
701 2250 812 2326 togati,
834 2250 945 2310 armati
966 2250 1045 2311 foris
1067 2251 1137 2329 pari
1153 2250 1311 2312 industria

258 2357 478 2418 administrare
492 2356 653 2433 gaudeam.
695 2356 817 2433 Itaque,
829 2355 913 2433 quod
927 2375 983 2434 pro
994 2374 1062 2416 meo
1075 2356 1192 2415 iudicio
1207 2357 1310 2416 facere

259 2462 356 2541 potui,
378 2468 414 2522 ut
435 2461 614 2522 innocentia
633 2461 826 2538 consilioque
846 2467 901 2521 tuo
922 2461 1084 2522 defensam
1107 2461 1309 2538 provinciam,

211 2573 418 2630 reservatum
444 2566 665 2628 Ariobarzanis
694 2585 762 2626 cum
794 2566 864 2644 ipso
891 2584 964 2644 rege
991 2586 1130 2644 regnum,
1157 2567 1310 2627 sociorum

259 2678 436 2733 revocatam
450 2673 491 2732 ad
512 2672 653 2732 studium
673 2671 799 2750 imperii
820 2673 921 2732 nostri
936 2671 1129 2732 voluntatem
1153 2671 1311 2732 sententia

258 2797 328 2838 mea
341 2784 374 2838 et
388 2779 512 2838 decreto
523 2776 693 2852 laudarem,
705 2777 778 2837 feci.
821 2776 1090 2856 Supplicationem
1105 2777 1270 2852 decretam,
1282 2777 1310 2836 si

258 2889 303 2958 tn,
318 2902 381 2961 qua
395 2883 428 2942 in
442 2903 474 2943 re
490 2882 571 2942 nihil
588 2883 721 2943 fortuito
739 2883 794 2942 sed
815 2901 936 2942 summa
954 2887 1010 2942 tna
1028 2881 1148 2942 ratione
1166 2888 1198 2943 et
1214 2881 1326 2978 conti-⁸

258 2989 366 3049 nentia
386 2988 431 3048 rei
452 3009 483 3067 p.
508 2989 669 3065 provisum
691 2993 748 3064 est,
762 2988 812 3048 dis
831 2987 1060 3048 immortalibus
1081 2987 1232 3065 gratulari
1253 3006 1310 3048 nos

210 3117 239 3162 20
258 3113 351 3171 quam
363 3094 421 3155 tibi
436 3096 553 3155 referre
567 3101 729 3174 acceptum
745 3093 854 3169 mavis,
867 3095 1002 3172 gaudem
1027 3094 1139 3172 quodsi
1154 3093 1309 3171 triumphi

257 3201 505 3278 praerogativam
522 3207 614 3280 putas
629 3201 890 3280 supplicationem
906 3205 938 3260 ct
953 3200 1068 3260 idcirco
1082 3219 1189 3260 casnm
1203 3199 1309 3277 potins

258 3312 392 3382 quamte
402 3307 643 3385 landarimavis,
653 3327 753 3386 neque
764 3306 1024 3386 supplicationem
1035 3306 1177 3384 sequitur
1188 3323 1310 3382 semper

258 3412 437 3490 triumphus
457 3421 488 3474 et
509 3414 669 3492 triumpho
688 3414 787 3474 multo
806 3413 921 3474 clarius
940 3418 989 3473 est
1008 3417 1152 3473 senatum
1171 3411 1309 3471 indicare

258 3517 364 3594 potius
387 3519 626 3579 mansuetudine
649 3525 680 3580 et
698 3518 878 3579 innocentia
900 3518 1098 3597 imperatoris
1116 3514 1308 3596 provinciam

210 3647 239 3694 25
258 3640 350 3699 quam
373 3623 406 3682 vi
427 3623 564 3683 militurn
590 3629 644 3685 aut
668 3624 862 3700 benignitate
883 3624 1011 3685 deorum
1036 3629 1191 3683 retentam
1215 3628 1309 3701 atque

257 3734 472 3791 conservatam
487 3749 571 3808 essc;
594 3730 677 3810 qnod
692 3749 749 3808 ego
763 3748 832 3789 mea
846 3728 1004 3790 sententia
1017 3728 1188 3790 censebam
