3058 4284
276 292 342 359 126
602 302 728 359 LATIN
752 301 1002 359 SELECTIONS

187 535 190 542 ,
274 493 334 554 que
356 473 421 536 suis
443 473 703 534 obtrectatoribus
725 472 921 548 confirmari3
952 472 1150 534 vehementer
1171 492 1238 534 esse
1259 493 1327 551 pro·

273 579 443 640 videndum
458 598 497 639 ne
512 579 708 658 opprimatur
728 578 921 638 contionario
942 577 999 638 illo
1015 578 1128 657 populo
1142 597 1162 638 a
1175 597 1209 639 sc
1230 597 1324 657 prope

273 684 420 760 alienato,
448 684 614 745 nobilitate
642 683 780 758 inimica,
808 702 871 743 non
892 702 991 762 aequo
1013 689 1133 760 senatu,
1161 684 1325 745 iuventute

273 789 422 868 improba.
465 791 579 868 Itaque
600 808 633 850 se
655 796 822 868 comparat,
845 788 987 850 homines
1010 808 1049 850 ex
1070 789 1155 865 agris
1176 789 1324 865 accersit;

240 913 381 973 ceperas
396 901 499 956 autem
516 913 588 956 suas
609 894 740 955 Clodius
761 893 941 970 confirmet;
964 913 1074 954 manus
1089 894 1129 954 ad
1150 894 1325 966 Quirinalia

273 1007 409 1078 paratur.
452 1000 492 1059 In
512 1018 548 1060 eo
565 999 665 1060 multo
687 1018 795 1060 sumus
816 999 991 1078 superiores
1012 999 1113 1078 ipsius
1134 998 1247 1077 copiis;
1270 999 1324 1060 sed

273 1125 386 1182 magna
413 1124 525 1166 manus
553 1123 593 1165 ex
620 1104 736 1165 Piceno
765 1110 796 1164 et
824 1104 931 1166 Gallia
958 1110 1142 1183 expectatur
1165 1110 1202 1164 ut
1229 1104 1323 1164 etiam

273 1210 402 1272 Catonis
416 1209 630 1286 rogationibus
645 1209 684 1270 de
699 1209 819 1270 Milone
833 1215 866 1269 et
882 1207 1018 1270 Lentulo
1031 1208 1223 1270 resistamus.

781 1499 819 1561 12

471 1661 542 1725 Sor.
562 1661 696 1723 Romae
713 1681 760 1722 m.
780 1660 864 1739 Apr.
885 1680 916 1723 c.
937 1661 1012 1727 700
1032 1659 1121 1737 (54).

589 1806 684 1864 Cicero
704 1807 820 1864 caesari
838 1806 912 1876 Imp.
933 1806 964 1862 S.
983 1807 1017 1862 D.

312 1945 393 2008 Vide
421 1963 516 2022 quam
545 1944 623 2005 mihi
651 1945 859 2023 persuaserim
881 1951 912 2004 te
934 1963 982 2004 me
1011 1962 1079 2004 esse
1100 1943 1233 2005 alterum
1263 1964 1325 2006 non

224 2071 254 2116 10
272 2051 363 2110 modo
384 2050 471 2110 iniis
486 2051 578 2110 rebus
600 2068 680 2127 quae
694 2049 734 2109 ad
755 2069 804 2108 me
825 2049 929 2126 ipsum
952 2050 1007 2110 sed
1029 2049 1121 2110 etiam
1138 2049 1171 2108 in
1191 2049 1231 2110 iis
1246 2069 1325 2129 quae

272 2155 312 2216 ad
341 2174 426 2215 meos
455 2155 622 2232 pertinent.
666 2155 698 2216 O.
722 2154 903 2214 Trebatium
932 2155 1100 2230 cogitaram
1131 2173 1325 2233 quocmnque

272 2260 390 2320 exirem
402 2279 522 2320 mecum
535 2259 647 2319 ducere
659 2265 693 2319 ut
704 2277 773 2318 cnm
786 2259 865 2318 meis
876 2259 1020 2320 omnibus
1032 2258 1156 2334 studiis,
1166 2259 1326 2320 beneficiis

272 2384 364 2443 quam
381 2364 616 2424 ornatissimum
630 2365 757 2423 domum
779 2364 977 2439 reducerem
1000 2364 1055 2423 sed
1076 2369 1278 2441 posteaquam
1294 2372 1326 2425 et

272 2469 401 2547 Pompei
416 2469 619 2529 commoratio
640 2468 817 2528 diuturnior
838 2473 914 2540 erat,
930 2487 1024 2546 quam
1046 2473 1189 2545 putaram
1205 2476 1237 2530 et
1257 2489 1327 2530 mea

225 2595 253 2639 15
272 2574 424 2652 quaedam
439 2573 499 2633 tibi
513 2593 574 2633 nou
584 2573 692 2648 ignota
705 2573 860 2633 dubitatio
871 2578 925 2633 aut
940 2573 1092 2651 impedire
1100 2573 1326 2651 profectionem

273 2697 373 2739 meam
389 2677 555 2738 videbatur
569 2685 624 2738 aut
644 2683 727 2737 certe
748 2678 871 2737 tardare
897 2676 982 2755 (vide
998 2677 1074 2755 quid
1095 2677 1175 2738 mihi
1190 2697 1327 2758 sumpse

273 2783 357 2864 rim),
372 2783 460 2861 coepi
469 2783 551 2842 velle
565 2801 602 2842 ea
616 2782 799 2843 Trebatium
810 2788 991 2861 exspectare
1002 2802 1022 2843 a
1034 2789 1066 2843 te
1080 2802 1160 2860 quae
1170 2790 1326 2862 sperasset

273 2906 361 2948 ame
389 2906 489 2965 neque
511 2887 687 2948 mehercule
708 2888 813 2948 minus
834 2887 864 2946 ei
886 2888 1006 2966 prolixe
1028 2889 1066 2948 de
1088 2894 1143 2948 tua
1163 2889 1325 2950 voluntate

272 2992 403 3072 promisi
424 3012 517 3071 quam
540 3011 624 3052 eram
646 2991 759 3053 solitus
781 2992 820 3052 de
842 3011 911 3052 mea
931 2992 1084 3071 polliceri.
1127 2993 1227 3054 Casus
1252 3013 1325 3054 vero

224 3119 253 3164 20
272 3097 423 3158 mirificus
438 3098 565 3174 quidam
580 3097 752 3157 intervenit
773 3096 863 3175 quasi
885 3097 936 3156 vel
950 3098 1042 3158 testis
1063 3097 1221 3177 opinionis
1240 3118 1325 3159 meae

272 3202 323 3262 vel
352 3221 484 3279 sponsor
519 3201 727 3262 humanitatis
759 3209 840 3262 tuae.
890 3203 984 3268 Nem,
1003 3221 1071 3262 cum
1103 3203 1141 3262 de
1169 3203 1228 3263 hoo
1255 3203 1326 3282 ipso

273 3307 420 3367 Trebatio
434 3325 503 3366 cum
527 3305 625 3366 Balbo
646 3312 753 3367 nostro
774 3306 917 3385 loquerer
939 3307 1113 3368 accuratius
1129 3307 1213 3368 domi
1228 3327 1325 3383 meae,

272 3413 396 3472 litterae
411 3411 489 3471 mihi
505 3411 620 3471 dantur
634 3431 653 3471 a
666 3419 697 3471 te
714 3412 827 3488 quibus
843 3413 877 3472 in
892 3414 1042 3474 extremis
1065 3413 1216 3491 scriptum
1238 3420 1323 3474 erat:

273 3523 281 3554 ‘
293 3519 335 3578 M.
352 3517 468 3576 Iteium
483 3535 574 3594 quem
591 3516 669 3575 mihi
679 3518 878 3578 commendas
890 3518 939 3577 vel
956 3537 1059 3594 regem
1071 3517 1194 3579 Galliae
1208 3519 1325 3578 faciem

224 3639 253 3685 ac
273 3622 322 3683 vel
337 3622 420 3682 hunc
431 3623 550 3699 Leptae
566 3621 684 3697 delega,
694 3622 721 3681 si
735 3622 793 3682 vis.
837 3624 885 3680 Tu
899 3624 939 3683 ad
954 3642 1003 3683 me
1014 3623 1109 3683 alium
1125 3623 1216 3682 mitte
1231 3642 1324 3701 quem

273 3727 399 3788 ornem!
442 3725 635 3788 Sustulimus
657 3745 768 3788 manus
790 3733 822 3787 et
842 3746 899 3803 ego
920 3733 952 3788 et
974 3727 1099 3789 Balbus.
1141 3729 1244 3788 Tanta
1261 3728 1325 3789 fuit
