3058 4284
552 392 737 449 cranaos
761 392 943 450 narrans
1208 381 1273 450 115

222 565 296 643 quia
323 563 482 625 deciderat
509 582 549 623 ex
573 563 678 638 astris,
706 563 814 641 lapsus
842 582 936 641 quam
960 582 1143 642 progressus
1168 563 1273 642 potius

222 669 386 730 videbatur
414 677 455 744 et,
480 675 517 729 ut
540 668 680 746 Apelles,
705 670 733 729 si
756 670 920 743 Venerem,
943 675 997 729 aut
1020 671 1220 746 Protogenes,
1246 669 1274 730 si

222 775 362 854 Ialysum
377 774 467 834 illum
484 793 574 834 suum
590 792 686 834 caeno
701 773 832 834 oblitum
849 774 979 849 videret,
995 793 1151 850 magnum,
1171 775 1272 850 credo,

221 881 375 960 acciperet
395 880 543 954 dolorem,
566 879 612 940 sio
634 898 692 956 ego
714 880 798 939 hunc
822 880 967 940 omnibus
992 899 1012 939 a
1032 899 1081 940 me
1102 881 1221 958 pictum
1241 887 1273 941 et

221 986 356 1065 politum
370 986 447 1046 artis
463 984 619 1046 coloribus
635 984 739 1045 subito
755 985 966 1046 deformatum
989 1004 1050 1044 non
1072 985 1140 1047 sine
1161 1005 1273 1064 magno
1291 1007 1307 1052 s

221 1090 327 1151 dolore
342 1090 417 1151 vidi.
459 1092 654 1169 Quamquam
671 1082 764 1150 nemo
785 1092 917 1169 putabat
939 1097 1066 1170 propter
1086 1091 1272 1152 Clodianum

221 1197 382 1272 negotium
410 1215 459 1255 me
488 1196 538 1254 illi
565 1195 701 1256 amicum
722 1215 790 1258 essa
812 1197 934 1272 debere,
955 1202 1059 1256 tamen
1080 1202 1188 1258 tantus
1210 1197 1273 1257 fuit

221 1321 307 1362 amor
322 1308 357 1361 ιιι
371 1301 531 1362 exhauriri
544 1301 635 1362 nulla
645 1307 752 1379 posset
766 1301 891 1362 iniuria.
936 1303 1048 1380 Itaque
1070 1302 1274 1363 Archilochia

220 1407 255 1466 in
268 1407 359 1467 illum
374 1407 478 1468 edicta
491 1407 598 1467 Bibuli
610 1407 726 1485 populo
740 1407 787 1468 ita
801 1413 874 1468 sunt
888 1406 1025 1467 iucunda
1038 1414 1074 1466 ut
1087 1425 1157 1467 eurn
1170 1407 1272 1468 locum

220 1513 275 1572 ubi
289 1519 506 1591 proponuntur
521 1531 595 1591 prae
606 1510 812 1572 multitudine
824 1531 930 1572 corum
945 1513 999 1590 qui
1014 1511 1124 1588 legunt
1138 1512 1273 1573 transire
1293 1529 1322 1574 ιο

221 1636 422 1696 nequeamus„
438 1617 499 1695 ipsi
515 1615 561 1677 ita
576 1617 686 1677 acerba
700 1623 736 1677 ut
757 1618 897 1678 tabescat
919 1617 1034 1692 dolore,
1055 1617 1135 1676 milri
1157 1618 1273 1678 meher-

220 1722 289 1782 cule
311 1722 453 1796 molesta,
476 1723 561 1800 quod
583 1728 615 1782 et
637 1741 706 1782 eum
726 1742 820 1800 quern
843 1741 964 1801 semper
986 1722 1086 1782 dilexi
1106 1723 1202 1783 nimis
1224 1742 1273 1783 ex-

221 1827 362 1889 cruciant
376 1834 407 1888 et
421 1827 518 1888 timeo
533 1834 599 1888 tam
614 1827 782 1888 vehemens
797 1827 845 1886 vir
859 1833 988 1905 tamque
1002 1847 1072 1888 acer
1086 1829 1120 1887 in
1140 1829 1223 1888 ferro
1240 1834 1273 1888 et

220 1938 284 1992 tarn
304 1933 446 1994 insuetus
465 1932 673 1993 contumeliae
694 1952 734 1993 ne
754 1932 840 1992 omni
861 1933 958 1992 animi
979 1933 1100 2011 impetu
1121 1932 1221 1993 dolori
1242 1939 1273 1993 et

220 2037 400 2098 iracundiae
415 2043 532 2116 pareat.
1292 2055 1321 2102 15

261 2143 367 2203 Bibuli
392 2142 447 2219 qui
473 2143 516 2203 sit
539 2142 644 2203 exitus
669 2143 797 2203 futurus
822 2141 936 2203 nescio.
980 2143 1027 2202 Ut
1051 2162 1134 2204 nunc
1162 2162 1211 2204 res
1240 2163 1273 2204 se

220 2249 323 2323 habet,
343 2247 520 2308 admirabili
539 2248 640 2324 gloria
658 2254 715 2309 est.
758 2247 818 2320 Qui
839 2267 909 2308 oum
931 2247 1060 2308 comitia
1080 2248 1114 2308 in
1135 2267 1272 2310 mensem

220 2353 387 2414 Octobrem
405 2352 591 2428 distulisset,
610 2354 694 2431 quod
718 2353 797 2414 solet
818 2371 856 2413 ea
876 2372 925 2414 res
947 2352 1056 2431 populi
1078 2353 1271 2415 voluntatem

220 2459 387 2534 offendere,
416 2464 543 2537 putarat
571 2459 685 2520 Caesar
708 2458 848 2518 oratione
870 2477 927 2518 sua
948 2478 1039 2536 posse
1060 2458 1182 2538 impelli
1204 2478 1273 2519 eon-

218 2564 338 2624 tionem
358 2569 394 2623 ut
415 2563 475 2624 iret
496 2565 536 2623 ad
559 2563 725 2639 Bibulum
754 2564 855 2624 multa
875 2582 945 2623 cum
968 2563 1207 2626 seditiosissime
1229 2565 1273 2624 di·
1291 2578 1321 2624 a)

219 2675 312 2744 cerat,
324 2687 431 2729 vocem
442 2669 616 2747 exprimere
627 2688 690 2728 non
705 2669 817 2747 potuit.
859 2668 942 2739 Quid
957 2668 1109 2746 quaeris?
1131 2668 1273 2728 sentiunt

219 2793 253 2834 se
281 2774 401 2834 nullam
422 2773 518 2834 ullius
539 2773 639 2852 partis
660 2773 856 2834 voluntatem
877 2779 991 2833 tenere.
1034 2774 1082 2834 Eo
1102 2774 1202 2851 magis
1224 2773 1273 2834 vis

218 2878 310 2939 nobis
324 2884 373 2939 est
386 2879 534 2938 timenda.
607 2872 610 2877 ’

260 2983 389 3045 Clodius
417 2983 565 3043 inimicus
593 2989 642 3043 cst
670 2983 768 3044 nobis.
812 2983 981 3062 Pompeius
1009 2983 1174 3045 confirmat
1200 3002 1269 3045 eum

218 3088 300 3149 nihil
315 3107 383 3150 esse
398 3090 555 3150 facturum
576 3095 685 3148 contra
706 3106 763 3148 me.
806 3088 888 3148 Mihi
910 3089 1120 3167 periculosum
1142 3096 1190 3151 est
1211 3109 1273 3150 cre
1291 3105 1321 3150 at

219 3195 301 3269 dare,
323 3195 364 3254 ad
385 3193 592 3254 resistendum
614 3212 664 3253 me
686 3213 770 3271 paro.
814 3193 926 3254 Studia
954 3212 1045 3271 spero
1072 3212 1122 3253 me
1150 3213 1273 3256 summa

218 3298 400 3359 habiturum
428 3299 567 3358 omnium
596 3298 750 3357 ordinum.
794 3299 929 3358 Tecum
952 3317 1008 3375 ego
1029 3298 1182 3375 desidero,
1204 3305 1271 3359 tum

219 3422 294 3464 vero
308 3423 357 3464 res
372 3403 412 3464 ad
426 3409 552 3480 tempus
567 3402 649 3462 illud
668 3408 766 3462 vocat.
808 3402 985 3462 Plurimum
1008 3403 1142 3479 consilii,
1164 3404 1271 3479 animi,

220 3507 371 3585 pra'esidii
387 3507 521 3584 denique
536 3506 625 3582 mihi,
647 3507 675 3568 si
697 3513 728 3566 te
749 3508 790 3567 ad
811 3513 935 3586 tempus
958 3509 1073 3580 videro,
1096 3509 1269 3569 accesserit.

219 3614 318 3674 Varro
330 3612 409 3672 mihi
421 3613 498 3674 satis
510 3613 596 3673 facit.
638 3611 808 3690 Pompeius
818 3611 957 3690 loquitur
969 3613 1131 3673 divinitus.
1175 3614 1272 3692 Spero
1290 3627 1320 3672 ao

219 3737 277 3778 nos
297 3724 351 3778 aut
368 3738 437 3780 cum
459 3737 581 3778 summa
602 3717 703 3794 gloria
723 3725 777 3778 aut
799 3723 881 3777 certe
903 3718 971 3778 sine
992 3718 1139 3778 molestia
1159 3718 1271 3780 disces
1298 3720 1302 3726 ’

220 3843 317 3884 suros.
360 3825 409 3883 Tu
437 3823 515 3902 quid
542 3843 626 3900 agas,
648 3841 742 3901 quem
764 3823 803 3882 ad
825 3823 951 3882 modum
972 3828 1004 3883 te
1025 3823 1172 3901 oblectes,
1194 3824 1272 3902 quid
1296 3895 1303 3910 Ὀ

220 3948 291 3989 cum
307 3928 462 4009 Sicyoniis
477 3928 577 4004 egeris
592 3934 627 3988 ut
641 3928 738 3988 sciam
752 3946 833 3988 cura.
