3058 4284
262 345 327 412 130
589 356 713 412 numu
738 357 987 414 suuucrlous

259 527 355 587 etiam
376 547 458 588 nuuc
480 527 513 587 in
534 527 726 605 provinciam
751 547 839 588 suam
854 529 1017 602 accedere;
1040 529 1072 588 id
1088 536 1192 590 autem
1208 530 1310 590 facere

259 632 298 692 cb
326 651 393 692 eam
422 651 546 692 causam
575 632 729 706 dicebant,
758 633 842 710 quod
871 633 992 693 tardius
1021 633 1118 693 vellet
1152 634 1309 695 decedere.

258 738 326 797 Nos
341 736 374 796 in
388 741 492 798 castra
505 737 747 815 properabamus
762 755 842 816 quae
856 737 985 797 aberant
999 737 1105 797 tridui.

765 1045 802 1106 1⁶

272 1205 343 1266 Sor.
362 1205 404 1265 in
422 1203 554 1266 Cilicio
570 1205 664 1266 inter
680 1224 712 1266 a.
732 1205 868 1360 ιῖὲΞξΠ
881 1209 915 1266 et
932 1205 991 1268 JV
1002 1206 1047 1267 K.
1067 1206 1146 1267 Iun.
1165 1228 1197 1268 a.
1218 1207 1294 1272 703

637 1442 731 1498 Cicero
749 1442 847 1498 Attico
866 1442 927 1498 Sal.

297 1579 516 1640 Saturnalibus
531 1598 621 1640 mane
637 1597 670 1639 se
685 1578 762 1638 mihi
778 1579 1012 1640 Pindenissitae
1035 1580 1223 1641 dediderunt
1244 1600 1310 1659 sep

222 1701 237 1746 5
256 1683 334 1743 timo
348 1689 379 1743 et
394 1683 654 1762 quinquagesimo
674 1684 724 1743 die
747 1691 913 1762 postquam
935 1703 1115 1763 oppugnare
1137 1704 1189 1746 eos
1211 1687 1310 1763 coepi-

256 1808 334 1848 mus.
378 1789 461 1864 ‘Qua
477 1789 610 1848 malum!
640 1789 694 1848 isti
710 1789 944 1850 Pindenissitae
959 1790 1013 1868 qui
1030 1791 1143 1851 sunt?’
1169 1790 1307 1869 inquies3

257 1899 385 1953 ‘nomeu
404 1894 723 1972 audivi'numquam.'
765 1894 846 1965 Quid
867 1914 924 1970 ego
946 1895 1087 1955 faciem?
1123 1915 1197 1954 num
1220 1896 1309 1973 potui

256 1998 401 2061 Ciliciam
415 1998 572 2058 Aetoliam
588 2006 643 2059 aut
660 2000 875 2060 Macedoniam
890 2000 1045 2060 reddere?
1088 2001 1157 2060 Hoc
1179 2001 1241 2060 iam
1263 2001 1309 2062 sic

255 2104 369 2164 habeto
383 2123 440 2164 uec
454 2104 513 2164 hoc
527 2104 666 2164 exercitu
688 2124 742 2164 nec
756 2105 808 2164 hic
822 2111 911 2165 tanta
930 2105 1057 2180 negotia
1074 2106 1140 2181 geri
1157 2106 1306 2184 potuisse.

208 2224 237 2270 10
256 2211 340 2281 Quae
355 2228 504 2285 cognosce
519 2215 548 2271 ἐν
562 2213 697 2289 ἐπιτομῇ;
721 2209 767 2269 sio
781 2210 865 2269 enim
880 2210 1024 2270 concedis
1046 2211 1126 2270 mihi
1147 2212 1308 2289 proxumis

256 2314 381 2375 litteris.
424 2315 584 2393 Ephesum
607 2320 643 2374 ut
664 2315 803 2378 venerim
827 2314 919 2389 nosti,
946 2314 1001 2391 qui
1016 2317 1110 2376 etiam
1139 2316 1218 2375 mihi
1243 2335 1309 2392 gra

255 2419 377 2480 tulatus
391 2438 424 2478 es
439 2419 528 2480 illius
543 2419 606 2479 diei
621 2419 835 2480 celebritatem
853 2439 914 2497 qua
929 2419 1008 2479 nihil
1024 2440 1073 2480 me
1088 2440 1236 2499 umquam
1258 2422 1309 2481 de·

256 2523 385 2584 lactavit
400 2524 507 2600 magis.
551 2525 630 2584 Inde
645 2529 678 2584 ia
689 2524 814 2602 oppidis
830 2524 869 2584 iis
885 2544 947 2602 qua
965 2530 1022 2585 iter
1038 2533 1105 2586 erat
1122 2526 1309 2586 mirabiliter

256 2629 375 2706 accepti
390 2630 576 2689 Laodiceam
587 2629 687 2706 pridie
698 2630 770 2690 Kal.
785 2630 921 2690 Sextiles
933 2631 1086 2690 venimus.
1129 2630 1180 2690 Ibi
1194 2631 1307 2690 morati

208 2748 236 2792 15
256 2733 385 2794 biduum
412 2734 609 2812 perillustres
636 2734 754 2794 fuimus
782 2734 1025 2813 honorificisque
1060 2735 1164 2796 verbis
1200 2755 1307 2796 omnes

255 2838 386 2898 iniurias
415 2837 596 2898 revellimus
625 2839 810 2916 superiores,
839 2839 923 2918 quod
951 2840 1035 2899 idem
1066 2840 1204 2915 Colossis,
1234 2840 1308 2900 dein

256 2944 414 3020 Apameae
439 2944 579 3022 quinque
602 2943 668 3004 dies
690 2944 804 3004 morati
825 2951 857 3004 et
879 2945 1039 3023 Synnadis
1061 2945 1214 3021 triduum,
1235 2946 1308 3005 Phi-

255 3047 362 3108 lomeli
385 3049 524 3126 quinque
542 3049 618 3122 dies,
636 3049 725 3108 Iconi
746 3049 851 3109 decem
874 3049 1015 3109 fecimus.
1058 3049 1150 3109 Nihil
1172 3068 1209 3110 ea
1229 3050 1307 3110 iuris

255 3152 392 3213 dictione
421 3153 626 3231 aequabilius,
654 3154 735 3213 nihil
756 3154 868 3228 lenius,
892 3155 972 3213 nihil
995 3156 1129 3231 gravius.
1173 3156 1252 3215 Inde
1273 3155 1307 3214 in

207 3281 237 3326 20
256 3263 358 3318 castra
377 3258 450 3318 veni
469 3278 495 3318 a.
517 3259 545 3320 d.
570 3278 621 3318 vn
643 3259 807 3320 Kalendas
830 3259 1038 3336 Septembres.
1081 3261 1118 3319 A.
1142 3261 1171 3319 d.
1195 3279 1237 3319 111
1258 3278 1309 3319 ex-

256 3363 388 3423 ercitum
401 3363 534 3424 lustravi
549 3364 632 3441 apud
648 3364 798 3424 Iconium.
841 3365 891 3423 Ex
905 3365 955 3424 his
969 3365 1091 3438 castris,
1107 3383 1178 3425 cum
1197 3383 1307 3442 graves

256 3468 294 3527 de
309 3469 437 3528 Parthis
452 3469 557 3529 nuntii
571 3470 724 3544 venirent,
746 3470 871 3547 perrexi
892 3471 925 3529 in
947 3470 1091 3531 Ciliciam
1114 3490 1169 3548 per
1190 3471 1308 3548 (lappa-

256 3574 362 3633 dociae
390 3579 510 3652 partem
539 3594 606 3634 eam
636 3594 714 3652 quae
727 3575 882 3634 ‘Ciliciam
908 3576 1038 3652 attingit
1060 3595 1096 3635 eo
1118 3575 1250 3636 consilio
1272 3581 1308 3634 ut

256 3679 426 3739 Armenius
442 3680 634 3740 Artavasdes
649 3686 680 3738 et
696 3681 757 3758 ipsi
775 3680 887 3739 Parthi
909 3681 1107 3758 Cappadocia
1128 3699 1160 3740 se
1183 3679 1307 3740 excludi

208 3805 236 3848 25
255 3789 412 3862 putarent.
455 3784 533 3844 Cum
550 3784 616 3845 dies
631 3785 770 3862 quinque
784 3786 825 3845 ad
839 3785 986 3864 Cybistra
1000 3792 1103 3846 castra
1117 3785 1306 3856 habuissem,
