3058 4284
276 288 342 356 108
605 299 730 354 mum
754 297 1004 354 snnncrroNs

274 470 426 546 oonseius,
447 469 496 530 tui
513 470 660 548 eupidus,
680 469 781 530 nostri
803 467 1048 542 amantissimus,
1070 468 1111 528 ad
1138 473 1170 528 te
1191 467 1328 546 proficis

274 583 405 651 oeretur,
427 575 549 654 eliquid
569 574 649 634 mihi
677 573 875 635 scribendum
903 573 1023 652 putavi,
1044 573 1229 652 praesertim
1257 592 1327 634 eum

274 683 367 743 aliter
382 681 444 760 ipsi
458 680 633 760 Pomponio
647 680 725 742 satis
741 680 843 740 faeere
858 699 920 740 non
937 698 1069 758 possem.

313 788 383 866 Ego
403 787 432 848 si
452 786 507 847 ebs
529 793 560 847 te
589 804 711 846 summe
738 785 840 846 offioia
859 784 1044 860 desiderem,
1066 785 1180 846 mirum
1208 785 1327 844 nemini

240 907 254 951 5
275 893 376 953 videri
390 893 512 954 debeat.
554 891 669 953 Omnia
690 891 772 951 enim
789 907 871 951 eme
886 890 919 950 in
941 901 972 950 te
987 890 1128 968 profecte
1149 897 1231 966 sunt,
1248 909 1327 969 queo

274 999 314 1058 ed
328 1004 419 1058 tuum
436 997 642 1072 commodum,
657 1015 737 1074 quae
755 996 796 1056 ed
816 995 975 1071 honorem,
990 1014 1070 1074 quee
1085 996 1126 1056 ad
1141 995 1327 1072 dignitatem

274 1103 477 1182 pertinerent.
519 1103 581 1161 Pro
596 1102 646 1161 his
661 1102 753 1162 rebus
768 1101 889 1161 nullam
903 1101 981 1161 mihi
997 1101 1098 1163 abste
1113 1100 1245 1162 relatam
1259 1119 1328 1161 esse

275 1208 409 1285 gratiam
423 1213 458 1268 tu
473 1225 506 1269 es
525 1207 664 1286 optimus
684 1207 787 1282 testis,
808 1212 918 1267 eontra
937 1206 1033 1267 etiem
1054 1225 1122 1268 esse
1136 1205 1258 1284 aliquid
1272 1207 1328 1267 ebs

274 1319 306 1374 te
320 1314 498 1393 profectum
519 1330 557 1373 ex
573 1312 682 1372 multis
703 1311 829 1388 audivi3
852 1331 926 1372 nam
947 1311 1172 1390 ‘eomperisse'
1194 1329 1243 1372 me
1264 1330 1328 1372 non

226 1430 255 1476 10
274 1419 374 1480 audeo
387 1419 501 1495 dioere,
514 1435 555 1478 ne
570 1417 653 1477 forte
667 1417 700 1477 id
720 1417 825 1495 ipsum
838 1416 968 1477 verbur'n
983 1435 1106 1495 ponem,
1122 1417 1205 1494 quod
1226 1417 1281 1477 abs
1295 1422 1327 1476 te

274 1524 363 1584 eiunt
376 1524 458 1585 falso
469 1524 503 1584 in
517 1543 566 1584 me
581 1523 681 1584 solere
690 1522 835 1583 conferri.
879 1522 1000 1608 Sedes,
1013 1540 1092 1599 quae
1106 1523 1146 1582 ed
1160 1541 1209 1582 me
1223 1522 1329 1583 delete

274 1636 358 1705 sunt,
373 1629 455 1689 melo
469 1635 501 1689 te
516 1649 555 1690 ex
575 1627 759 1707 Pomponis,
773 1628 824 1688 eui
841 1647 905 1688 non
918 1627 1023 1688 minus
1044 1626 1177 1688 moleste
1189 1628 1327 1703 fuerunt,

274 1753 368 1812 quem
384 1753 422 1794 ex
436 1735 515 1794 meis
529 1733 646 1794 litteris
661 1751 853 1810 eognosoere.
896 1733 987 1794 Meus
1002 1733 1035 1793 iu
1049 1737 1081 1792 te
1096 1733 1219 1794 animus
1233 1727 1331 1811 quem

275 1839 428 1916 singulari
443 1839 544 1899 officio
554 1839 660 1916 fuerit,
670 1844 702 1899 et
717 1844 843 1899 senatus
854 1844 887 1898 et
897 1858 926 1916 p.
939 1838 979 1898 R.
997 1838 1087 1899 testis
1097 1843 1165 1914 est;
1187 1844 1223 1898 tu
1234 1857 1326 1915 quem

143 1999 148 2012 ,
227 1955 255 2000 15
275 1951 382 2020 gratus
397 1963 472 2023 erge
485 1963 534 2004 me
549 1944 657 2020 fueris,
673 1944 742 2022 ipse
757 1933 937 2004 existimare
952 1949 1059 2021 potes;
1082 1949 1234 2020 quantum
1248 1943 1328 2004 mihi

275 2051 398 2125 debeas,
419 2051 515 2110 oeteri
537 2049 729 2110 existiment.
772 2049 840 2126 Ego
861 2067 941 2127 quae
961 2054 1016 2108 tua
1030 2067 1124 2109 eausa
1143 2054 1236 2109 antee
1256 2048 1328 2125 feei,

274 2155 438 2216 voluntate
453 2174 523 2215 sum
538 2155 692 2215 adductus
713 2160 885 2232 postesque
907 2153 1100 2230 constantia,
1124 2155 1180 2214 sed
1197 2154 1327 2231 relique,

275 2261 354 2321 mihi
368 2261 469 2336 erede,
482 2260 583 2320 multo
597 2260 697 2320 maius
719 2278 822 2318 meum
844 2258 982 2320 studium
1005 2259 1214 2337 maioremque
1229 2259 1330 2336 gravi·

274 2371 372 2427 tatem
387 2371 419 2426 et
434 2366 569 2426 laborem
592 2365 781 2425 desiderant.
824 2364 910 2434 Quae
931 2383 989 2442 ego
1011 2365 1039 2424 si
1060 2383 1122 2424 non
1138 2364 1328 2443 profundere

226 2478 256 2523 to
275 2490 310 2532 ao
338 2471 467 2550 perdere
488 2470 628 2545 videbor,
650 2469 794 2530 omuibus
823 2469 901 2529 meis
927 2469 1047 2530 viribus
1075 2469 1255 2546 sustinebo,
1278 2469 1329 2530 sin

275 2583 378 2637 autem
407 2576 531 2652 ingrate
544 2594 613 2637 esse
640 2575 784 2651 sentiam,
805 2593 867 2634 non
889 2575 1093 2650 committam,
1115 2581 1150 2635 ut
1177 2575 1238 2635 tibi
1265 2575 1329 2653 ipsi

275 2681 413 2741 insanire
441 2681 557 2742 videar.
600 2681 648 2740 Ea
675 2685 754 2758 quae*
775 2680 841 2740 sint
868 2685 900 2739 et
921 2680 1011 2740 ouius
1033 2680 1127 2755 modi,
1150 2680 1267 2759 poteris
1288 2699 1328 2740 ex

274 2787 448 2865 Pomponio
468 2804 659 2862 eognosoere.
702 2786 807 2863 Atque
835 2785 939 2864 ipsum
959 2785 1019 2846 tibi
1046 2785 1253 2864 Pomponium
1283 2785 1329 2846 ita

275 2892 457 2954 commendo
473 2899 517 2967 ut,
534 2909 722 2970 quamquam
743 2889 844 2969 ipsius
865 2909 959 2951 cause
979 2890 1103 2951 confido
1123 2896 1155 2950 te
1170 2891 1329 2951 facturum

226 3003 255 3049 25
275 3015 343 3058 esse
358 2997 471 3072 omnia,
487 3003 592 3057 tamen
608 2997 709 3056 abste
724 2997 782 3056 hoe
797 3001 901 3074 petam
920 3001 965 3070 ut,
981 2995 1009 3056 si
1024 2995 1101 3073 quid
1115 2996 1149 3055 in
1163 3002 1195 3056 te
1210 2995 1328 3056 residet

276 3102 390 3162 amoris
419 3121 492 3178 erga
519 3120 577 3178 me,
599 3101 633 3161 id
660 3120 752 3162 omne
778 3101 812 3160 in
840 3099 994 3178 Pomponi
1021 3101 1147 3178 negotio
1168 3101 1324 3162 ostendes.

276 3207 347 3268 Hoo
361 3207 439 3267 mihi
454 3206 535 3267 nihil
550 3206 669 3283 gratius
684 3207 788 3266 faeere
802 3212 902 3284 potes.
