3038 4278
258 281 304 350 56
581 295 706 352 namn
731 295 981 351 sunncrrous

299 465 489 542 Carthagine
505 465 569 546 [et]
585 465 801 526 multitudinis
816 467 964 526 adsuetae
979 465 1107 526 domum
1121 467 1312 528 Hannibalis

259 570 460 648 frequentare
484 589 653 632 concursus
681 571 722 632 ad
745 571 939 632 vestibulum
967 571 1094 632 aedium
1121 578 1170 634 est
1197 573 1312 634 factus.

259 677 307 736 Ut
327 694 389 735 ncn
410 693 588 753 comparere
608 695 679 735 eum
700 675 864 752 vulgatum
885 683 943 752 est,
957 677 992 737 in
1012 678 1117 737 forum
1137 678 1231 738 turba
1244 697 1313 738 con-

258 781 346 840 venit
367 780 541 859 principem
562 781 702 842 civitatis
724 781 959 860 quaerentium
983 789 1015 842 et
1036 782 1092 844 alii
1113 783 1221 859 fugam
1244 802 1314 844 con-

224 885 364 961 oscisse,
386 886 420 946 id
441 887 524 963 quod
545 891 621 960 crat,
644 886 699 946 alii
721 887 832 947 fraude
858 887 1069 948 Romanorum
1098 887 1311 964 interfectum,

258 990 352 1069 idque
366 991 467 1067 magis
488 991 583 1067 vulgo
603 991 789 1067 fremebant,
804 992 970 1070 variosque
986 992 1094 1053 vultus
1116 1012 1258 1054 cerneres
1276 1000 1314 1054 ut

258 1097 291 1161 in
306 1096 434 1156 civitate
449 1096 582 1156 aliorum
595 1095 674 1157 alias
688 1102 794 1174 partes
809 1097 986 1158 foventium
1001 1104 1033 1158 et
1047 1097 1238 1158 factionibus
1252 1097 1313 1158 dis-

194 1212 196 1216 ·
258 1200 361 1276 cordi3
396 1200 499 1262 visum
524 1201 637 1260 deinde
660 1201 809 1262 Cercinae
837 1219 909 1261 eum
937 1203 1065 1262 tandem
1093 1202 1226 1262 allatum
1254 1209 1313 1264 est.

257 1307 300 1366 Et
321 1305 455 1366 Romani
470 1305 572 1382 „legati
592 1324 664 1366 cum
685 1305 719 1365 in
740 1311 851 1366 senatu
872 1290 1093 1384 exposuissent
1120 1313 1312 1386 compertum

211 1424 240 1470 10
257 1409 400 1488 patribus
422 1410 572 1471 Romanis
587 1428 664 1483 esse,
679 1415 711 1470 et
726 1410 912 1488 Philippum
927 1430 1032 1488 regem
1051 1418 1125 1472 ante
1139 1412 1179 1473 ab
1193 1412 1313 1472 Hanni·

257 1514 770 1575 balemaximeaccensumbellum
779 1514 1312 1593 populoRomanofecisse,etnuno

192 1632 195 1638 '
258 1618 381 1679 litteras
398 1619 589 1697 nuntiosque
603 1619 643 1678 ab
664 1638 700 1678 ec
720 1619 760 1679 ad
775 1619 968 1679 Antiochum
989 1626 1022 1680 et
1041 1620 1170 1681 Aetolos
1189 1620 1312 1696 missos,

258 1723 449 1801 consiliaque
473 1723 554 1784 inita
575 1723 774 1800 inpellendae
803 1725 843 1784 ad
867 1725 1077 1784 defectionem
1101 1725 1312 1802 Carthaginis,

257 1847 314 1889 neo
335 1829 398 1888 alio
418 1848 488 1888 eum
510 1847 603 1906 quam
623 1829 866 1889 adAntioohum
886 1848 990 1906 regem
1013 1830 1206 1908 profectum3
1228 1830 1314 1890 haud

210 1951 239 1997 15
258 1935 438 2012 quieturum
458 1951 537 2008 eum,
553 1939 721 2012 antequam
743 1933 861 1993 bellum
887 1940 954 1994 toto
975 1935 1048 1994 orbe
1069 1940 1224 1995 terrarum
1245 1954 1314 1996 con-

257 2039 368 2114 cisset3
391 2039 471 2098 idei
490 2057 553 2097 non
575 2038 685 2099 debere
703 2039 833 2117 impune
853 2057 931 2115 esse,
947 2038 974 2099 si
989 2040 1171 2100 satisfacere
1186 2039 1314 2100 Cartha

258 2144 414 2221 ginienses
435 2142 551 2222 populo
572 2144 713 2203 Romano
730 2143 848 2204 vellent
863 2143 944 2203 nihil
959 2163 1063 2204 eorum
1080 2162 1138 2204 sua
1152 2145 1313 2205 voluntate

257 2269 314 2309 neo
335 2247 460 2327 publico
481 2247 612 2309 consilio
631 2248 751 2308 factum
777 2268 860 2310 esse:
894 2248 1169 2327 Carthaginienses
1189 2268 1314 2328 respon-

258 2356 381 2430 derunt,
400 2353 554 2432 quidquid
576 2372 683 2413 aecum
705 2353 902 2415 censuissent
919 2354 1064 2430 Romani,
1080 2355 1220 2415 facturos
1235 2373 1311 2416 esse.

207 2475 239 2520 aa
298 2459 460 2519 Hannibal
482 2477 630 2536 prospero
650 2477 744 2519 cursu
765 2461 885 2537 Tyrum
902 2459 1047 2538 pervenit
1068 2465 1280 2537 exceptusque
1294 2479 1314 2520 a

259 2565 471 2625 conditoribus
486 2563 695 2639 Carthaginis,
710 2571 747 2623 ut
760 2564 799 2624 ab
813 2564 914 2624 altera
930 2565 1043 2643 patria,
1058 2564 1107 2623 vir
1123 2571 1187 2625 tam
1209 2564 1313 2625 clarus

259 2670 343 2729 omni
371 2687 482 2746 genere
510 2668 672 2744 honorum,
701 2687 815 2746 paucos
843 2675 982 2730 moratus
1016 2669 1083 2730 dies
1110 2667 1314 2729 Antiochiam

258 2775 395 2850 navigat.
439 2773 488 2833 Ibi
510 2773 685 2851 profectum
708 2773 770 2833 iam
794 2792 899 2850 regem
914 2773 948 2832 in
962 2773 1074 2834 Asiam
1088 2793 1159 2834 eum
1174 2773 1314 2834 audisset

258 2879 421 2955 filiumque
443 2878 509 2939 eius
532 2878 681 2938 sollemne
703 2878 849 2938 ludorum
870 2879 911 2938 ad
932 2879 1088 2956 Daphnen
1103 2877 1313 2939 celebrantem

210 2999 239 3044 25
259 2984 465 3060 convenisset,
489 2983 619 3043 comiter
642 2983 681 3043 ab
704 3002 740 3044 eo
770 2989 921 3061 exceptus
942 2983 1064 3043 nullam
1086 3002 1203 3043 moram
1229 2983 1314 3043 navi·

259 3089 354 3165 gandi
382 3089 468 3148 feeit.
523 3087 643 3167 Ephesi
680 3106 785 3164 regem
812 3094 861 3149 est
888 3093 1083 3163 consecutus,
1108 3087 1314 3149 fluctuantem

260 3194 360 3254 adhuc
389 3193 494 3253 animo
520 3193 736 3272 incertumque
772 3194 811 3253 de
839 3194 981 3254 Romano
1008 3192 1109 3269 bellc;
1145 3193 1203 3253 sed
1228 3193 1314 3253 haud

260 3318 390 3376 parvum
414 3305 602 3359 momentum
626 3299 667 3358 ad
690 3298 830 3358 animum
851 3298 918 3359 eins
947 3297 1137 3359 moliendum
1159 3299 1314 3358 adventus

261 3403 451 3463 Hannibalis
460 3403 545 3463 fecit.
581 3402 764 3463 Aetolorum
774 3421 897 3481 quoque
908 3404 1015 3464 eodem
1031 3410 1170 3481 ternpore
1185 3402 1313 3464 alienati

211 3519 241 3565 3ο
261 3509 300 3568 ab
314 3509 462 3570 societate
477 3510 619 3569 Romana
632 3508 730 3568 animi
745 3515 828 3583 sunt,
844 3528 977 3586 quorum
991 3510 1112 3585 legatos
1126 3507 1313 3568 Pharsalum

261 3620 293 3674 et
314 3614 487 3675 Leucadem
508 3620 541 3676 et
561 3614 712 3694 quasdam
735 3614 812 3674 alias
837 3614 981 3675 civitates
1006 3633 1045 3674 ex
1066 3614 1169 3692 primo
1190 3613 1315 3674 foedere

263 3719 435 3798 repetentis
450 3725 576 3780 senatus
590 3720 632 3780 ad
643 3721 679 3780 Τ.
693 3717 874 3789 Quinctium
889 3718 1005 3781 reiecit.
