3058 4284
261 292 305 361 92
583 299 708 356 LATIN
733 299 982 357 SELEC'PIONS

259 474 383 534 animus
398 471 532 550 amplior
547 477 638 546 esset,
654 471 722 550 ipse
741 471 838 550 pedes
860 471 1031 532 exereitum
1052 491 1109 551 pro
1130 471 1197 532 loco
1218 477 1312 550 atque

261 577 360 657 copiis
389 573 527 638 instruit.
582 577 676 652 Nam,
705 577 752 636 uti
781 577 930 656 planities
960 584 1027 638 erat
1059 578 1142 637 inter
1170 577 1313 638 sinistros

261 682 377 743 montis
400 688 432 743 et
456 682 496 742 ab
521 681 632 742 dextra
656 700 733 760 rupe
757 679 877 761 aspera,
900 691 970 743 coto
993 683 1129 744 cohortis
1152 683 1186 743 in
1208 682 1313 742 fronte

261 788 435 864 constituit,
451 787 642 865 reliquarum
657 787 746 864 signa
764 788 797 846 in
819 788 959 849 subsidio
980 789 1081 849 artius
1102 788 1251 864 collocat;
1273 788 1312 847 ab

228 894 307 956 0010
336 892 533 954 centuriones
565 892 676 968 omnis,
706 892 803 954 leotos
837 900 869 954 et
898 899 1050 969 evocatos,
1082 901 1245 972 praeterea
1273 911 1312 952 ex

262 998 412 1075 gregariis
427 997 582 1058 militibus
597 1003 760 1076 optumum
777 1017 932 1076 quemque
949 1005 1103 1060 armatum
1125 999 1159 1058 in
1180 998 1313 1078 primam

261 1105 359 1164 aciem
374 1103 528 1164 subducit.
571 1103 604 1164 Ο.
621 1102 773 1164 Μο01100
795 1104 828 1162 10
847 1103 967 1179 dextra,
990 1104 1199 1165 Faesulanum
1222 1121 1315 1181 quen-

261 1209 331 1269 dam
351 1209 385 1268 in
411 1208 541 1268 sinistra
565 1214 654 1286 parte
676 1227 784 1268 curare
807 1208 904 1270 iubet.
946 1210 1020 1288 Ipse
1041 1227 1112 1269 cum
1135 1208 1258 1269 libertis
1282 1214 1314 1267 et

261 1313 422 1375 calonibus
435 1319 563 1392 propter
576 1313 716 1391 aquilam
735 1313 866 1389 assistit,
881 1333 976 1392 quam
995 1314 1078 1374 bello
1099 1314 1255 1374 Cimbrico
1276 1313 1311 1375 (1.

214 1433 243 1478 10
261 1418 382 1479 Marius
397 1418 431 1477 in
445 1418 585 1478 exercitu
599 1417 746 1478 habuisse
760 1418 932 1479 dicebatur.

301 1525 346 1583 At
360 1542 399 1583 ex
413 1523 513 1584 altera
523 1528 613 1600 parte
625 1523 657 1584 0.
672 1523 837 1598 Antonius,
848 1524 980 1603 pedibus
992 1544 1083 1602 aeger
1098 1526 1182 1603 quod
1196 1525 1314 1603 proelio

183 1637 188 1649 ”
262 1629 370 1690 adesse
381 1629 540 1707 nequibat,
553 1630 595 1688 M.
608 1628 734 1689 Petreio
746 1629 850 1706 legato
861 1630 1032 1690 exercitum
1045 1630 1210 1709 permittit.
1253 1630 1315 1689 Ille

262 1734 399 1796 cohortis
422 1739 595 1808 veteranas,
618 1752 697 1811 quas
720 1734 876 1795 tumultus
901 1753 995 1796 causa
1018 1735 1257 1814 conscripserat,
1281 1735 1315 1794 in

262 1841 376 1916 fronte,
390 1845 463 1918 post
476 1858 528 1900 eas
540 1844 677 1899 ceterum
692 1839 863 1899 exercitum
883 1840 916 1898 in
936 1841 1086 1902 subsidiis
1107 1840 1198 1901 locat.
1241 1841 1315 1917 Ipse

214 1959 243 2004 10
263 1965 342 2024 equo
353 1946 539 2006 circumiens
550 1964 811 2023 unumquemque
822 1946 987 2007 nominans
999 1947 1147 2024 appellat,
1161 1947 1313 2021 hortatur,
1338 1933 1340 1938 ⁵

262 2057 352 2127 rogat
365 2057 401 2111 ut
415 2051 615 2111 meminerint
632 2069 665 2111 se
681 2057 791 2111 contra
812 2050 950 2111 latrones
972 2052 1102 2111 inermis
1125 2071 1182 2129 pro
1202 2052 1315 2130 patria,

262 2175 321 2235 pro
339 2155 456 2231 liberis,
475 2175 532 2235 pro
551 2156 614 2216 aris
634 2163 728 2233 atque
753 2156 833 2216 focis
857 2157 922 2216 suis
939 2163 1069 2216 certare.
1111 2157 1215 2216 Homo
1237 2156 1316 2215 0111-

262 2261 351 2336 10010,
366 2261 450 2339 quod
471 2260 607 2338 amplius
628 2279 725 2321 annos
746 2261 881 2337 triginta
901 2261 1047 2322 tribunus
1068 2268 1123 2322 aut
1137 2261 1316 2339 praefectus

263 2373 319 2427 aut
332 2366 454 2442 legatus
469 2372 524 2427 aut
538 2372 663 2443 praetor
674 2384 744 2425 000
760 2385 872 2442 magna
886 2366 986 2442 gloria
1000 2367 1033 2426 in
1048 2367 1187 2426 exercitu
1201 2367 1315 2441 fuerat,

215 2491 245 2536 20
263 2471 429 2550 plerosque
456 2471 542 2550 ipsos
570 2472 716 2549 factaque
745 2489 849 2530 eorum
878 2471 976 2531 fortia
1002 2478 1148 2548 noverat3
1173 2490 1211 2532 00
1238 2490 1318 2532 000-

264 2577 464 2637 memorando
479 2577 616 2636 militum
630 2577 751 2637 animos
766 2576 962 2637 accendebat.

306 2683 368 2743 Sed
383 2682 445 2757 ubi,
460 2681 605 2742 omnibus
625 2682 717 2742 rebus
736 2681 916 2759 exploratis,
931 2683 1076 2742 Petreius
1094 2683 1172 2743 tuba
1191 2682 1318 2758 signum

265 2790 329 2864 dat,
351 2770 488 2848 cohortis
510 2787 659 2865 paulatim
683 2788 827 2847 incedere
848 2787 950 2863 iubet3
973 2787 1058 2847 idem
1078 2787 1157 2848 facit
1177 2787 1318 2848 hostium

266 2894 429 2954 exercitus.
472 2894 645 2970 Postquam
660 2911 696 2951 eo
716 2899 844 2952 ventum
862 2898 910 2952 est
929 2893 1012 2953 unde
1031 2892 1211 2953 ferentariis
1233 2911 1319 2971 prce

217 3011 247 3056 25
266 2999 344 3058 lium
358 2997 515 3059 committi
529 3004 644 3075 posset,
659 3016 806 3056 maxumo
823 2997 957 3057 clamore
977 3016 1047 3056 cum
1069 2998 1196 3059 infestis
1218 2997 1318 3072 signis

267 3110 473 3178 concurrunt3
503 3102 570 3180 pila
594 3102 754 3178 omittunt,
777 3101 892 3178 gladiis
919 3121 969 3163 res
998 3103 1125 3178 geritur.
1167 3101 1319 3165 Veterani

268 3208 419 3287 pristinae
442 3207 572 3267 virtutis
596 3226 747 3267 memores
774 3206 948 3267 comminus
977 3209 1090 3268 acriter
1117 3208 1245 3283 instare,
1270 3207 1320 3267 illi

268 3315 353 3374 haud
368 3313 473 3373 timidi
489 3313 658 3388 resistunt3
682 3330 829 3372 maxuma
848 3312 881 3372 vi
903 3319 1048 3373 certatur.
1092 3314 1219 3372 Interea
1239 3313 1321 3374 Cati·

269 3418 335 3480 lina
348 3437 418 3478 eum
434 3417 588 3495 expeditis
608 3417 641 3476 in
662 3417 764 3494 prima
784 3417 850 3477 acie
871 3417 1000 3493 versari,
1019 3417 1234 3478 laborantibus
1256 3436 1321 3477 000

220 3537 250 3582 30
269 3541 400 3598 currere,
428 3524 567 3598 integros
592 3542 648 3600 pro
676 3522 792 3582 sauciis
820 3541 985 3596 arcessere,
1013 3523 1120 3583 omnia
1147 3521 1321 3600 providere,

270 3629 404 3689 multum
420 3628 489 3706 ipse
511 3646 659 3705 pugnare,
675 3645 767 3704 saepe
788 3627 910 3686 hostem
933 3627 1042 3703 ferire3
1068 3628 1187 3688 strenui
1209 3627 1322 3689 militis

270 3742 302 3796 et
325 3733 398 3794 boni
428 3731 626 3810 imperatoris
653 3731 754 3792 officia
777 3731 871 3791 simul
898 3733 1134 3810 exsequebatur.
1176 3733 1321 3794 Petreius
