3038 4278
274 285 319 356 60
596 300 720 358 00000
745 301 995 359 0000000000

313 470 464 532 Censores
485 473 529 532 M.
551 472 680 534 Porcius
700 479 731 533 et
746 475 781 532 L.
797 473 942 534 Valerius
957 479 1043 534 metu
1057 473 1157 534 mixta
1171 480 1327 552 exspecta-
1432 529 1435 534 .

272 575 358 636 tione
373 581 516 638 senatum
530 577 691 654 legerunt3
714 585 834 656 septem
850 585 1014 639 moverunt
1029 585 1197 656 000010,οκ
1212 580 1326 658 quibus

271 701 369 742 unum
397 683 552 759 insignem
580 690 612 744 et
639 684 804 744 nobilitate
833 691 865 744 et
883 684 1064 761 honoribus,
1087 686 1122 744 L.
1145 685 1327 756 Quinctium

272 787 485 848 Flamininum
523 789 726 850 consularem.
789 791 917 850 Petrum
955 790 1106 852 memoria
1140 790 1326 852 institutum

236 906 252 951 c
272 893 382 969 fertur,
398 902 434 954 ut
449 913 592 956 censores
604 895 698 956 motis
714 902 825 955 senatu
840 896 1052 957 adscriberent
1063 901 1163 957 notes.
1196 897 1325 959 Catonis

271 1008 303 1058 et
323 999 404 1060 aliae
424 999 551 1077 quidem
573 1001 700 1062 acerbae
720 1001 877 1062 orationes
899 1007 1026 1062 exstant
1049 1002 1156 1063 ineos
1179 1020 1256 1080 quos
1271 1007 1326 1062 aut

271 1105 428 1164 senatorio
441 1104 509 1164 loco
523 1106 622 1165 movit
636 1111 691 1166 aut
706 1106 820 1183 quibus
835 1123 932 1184 equos
946 1106 1080 1166 ademit:
1102 1107 1195 1182 longe
1210 1106 1327 1183 gravis-

271 1209 351 1270 sima
361 1209 393 1268 in
405 1210 439 1270 L.
449 1210 631 1281 Quinctium
647 1211 747 1271 oratio
761 1217 819 1286 est,
831 1210 930 1288 quasi
945 1217 1106 1272 accusator
1120 1217 1194 1272 ente
1208 1216 1324 1286 notam,

270 1333 334 1374 non
355 1333 463 1375 censor
485 1321 557 1392 post
576 1321 683 1376 notam
698 1335 773 1376 usus
788 1322 878 1391 esset,
894 1316 1029 1376 retinere
1044 1316 1078 1375 L.
1094 1316 1277 1388 Quinctium
1292 1315 1326 1375 in

224 1429 253 1475 10
271 1425 382 1480 senatu
402 1438 442 1479 ne
463 1421 562 1480 frater
582 1420 710 1498 quidem
733 1422 767 1481 Τ.
782 1421 958 1497 Quinctius,
974 1421 1002 1482 si
1022 1427 1089 1482 tum
1107 1440 1218 1482 censor
1232 1428 1325 1495 esset,

271 1525 434 1602 potuisset.
464 1525 553 1585 Inter
567 1530 671 1586 cetera
684 1525 799 1586 obiecit
813 1526 841 1586 ei
855 1526 1041 1604 Philippum
1055 1527 1206 1604 Poenum,
1218 1545 1325 1586 carum

270 1648 306 1689 ac
327 1630 431 1689 nobile
453 1637 599 1706 scortum,
614 1630 654 1691 ab
674 1631 776 1692 Roma
795 1631 830 1690 in
851 1631 988 1693 Galliam
1002 1617 1196 1710 provinciam
1211 1651 1266 1710 spe
1282 1632 1327 1691 in·

270 1735 411 1811 gentium
428 1736 580 1796 donorum
599 1737 793 1814 perductum.
838 1738 920 1796 Eum
935 1755 1075 1815 puerum,
1090 1755 1147 1816 per
1160 1737 1325 1798 lasciviam

269 1859 340 1901 cum
355 1841 564 1916 cavillaretur,
580 1841 766 1918 exprobrare
787 1841 909 1902 consuli
924 1860 1073 1920 persaepe
1087 1842 1225 1917 solitum,
1241 1843 1325 1920 quod

223 1963 252 2008 15
271 1947 328 2006 sub
355 1947 459 2025 ipsum
487 1945 701 2024 spectaculum
729 1947 951 2023 gladiatorium
979 1947 1132 2008 abductus
1160 1948 1200 2008 ab
1224 1948 1327 2008 Roma

269 2062 361 2127 esset,
376 2058 414 2111 ut
427 2052 611 2130 obsequium
625 2052 757 2112 amatori
771 2052 910 2113 iactaret.
949 2053 1042 2113 Forte
1057 2051 1259 2130 epulantibus
1273 2053 1324 2128 iis,

270 2175 339 2216 cum
371 2157 434 2216 iam
470 2158 542 2216 vino
569 2157 784 2232 incaluissent,
812 2158 992 2218 nuntiatum
1019 2157 1054 2216 in
1081 2157 1226 2218 convivio
1257 2177 1325 2218 esee

270 2262 407 2322 nobilem
428 2262 541 2322 Boium
555 2281 627 2322 eum
646 2263 753 2323 liberis
777 2263 974 2339 transfugam
998 2262 1136 2339 venisse;
1158 2263 1325 2323 convenire

270 2367 428 2428 consulem
450 2367 541 2442 velle,
563 2373 600 2426 ut
620 2368 659 2427 ab
681 2387 717 2428 eo
738 2367 832 2427 fidem
851 2385 998 2446 praesens
1013 2367 1179 2445 acciperet.
1225 2368 1328 2432 Intro.

222 2486 252 2532 ao
271 2474 398 2533 ductum
421 2473 455 2532 in
474 2473 709 2533 tabernaculum
730 2492 786 2550 per
804 2473 1008 2550 interpretem
1023 2471 1152 2550 adloqui
1165 2472 1325 2533 consulem

270 2579 417 2657 coepisse.
461 2578 548 2638 Inter
566 2578 654 2639 cuius
674 2597 847 2639 sermonem
862 2577 1027 2648 Quinctius
1042 2584 1145 2638 scorto
1160 2578 1244 2640 “Vis
1259 2577 1324 2651 tu,’'

270 2684 384 2762 inquit,
405 2683 580 2761 “quoniam
597 2683 818 2759 gladiatorium
836 2682 1048 2761 spectaculum
1071 2683 1239 2760 reliquisti,
1260 2683 1323 2742 iam

270 2789 353 2849 hunc
371 2788 499 2849 Gallum
516 2788 700 2849 morientem
713 2789 844 2848 videre?
854 2788 872 2820 '²
909 2789 1037 2847 Etcum
1055 2787 1082 2848 is
1098 2788 1229 2848 vixdum
1243 2787 1325 2849 serio

270 2894 441 2969 adnuisset,
453 2893 493 2954 ad
505 2899 615 2953 nutum
632 2893 726 2953 scorti
736 2892 895 2954 consulem
910 2893 1021 2954 stricto
1035 2892 1149 2968 gladic,
1161 2893 1215 2970 qui
1231 2910 1325 2970 super

221 3011 251 3056 00
270 3005 365 3076 caput
385 3000 549 3076 pendebat,
569 2999 712 3076 loquenti
734 2998 828 3060 Gallo
849 3005 945 3076 eaput
965 2998 1101 3076 primum
1122 2996 1324 3076 percussisse,

270 3103 383 3164 deinde
404 3103 541 3179 fugienti
562 3103 718 3180 fidemque
740 3102 849 3181 populi
870 3103 1005 3163 Romani
1023 3108 1118 3180 atque
1138 3121 1244 3162 eorum
1270 3102 1325 3179 qui

271 3210 401 3269 aderant
420 3209 604 3287 imploranti
625 3208 707 3269 latus
729 3207 946 3269 transfodisse.
989 3207 1135 3269 Valerius
1150 3207 1274 3282 Antias,
1288 3212 1326 3266 ut

271 3314 325 3393 qui
346 3334 403 3373 neo
425 3314 596 3374 orationem
618 3314 746 3376 Catonis
768 3313 897 3390 legisset
917 3319 949 3372 et
970 3312 1096 3373 fabulae
1118 3318 1242 3373 tanturn
1257 3311 1325 3372 sine

271 3426 396 3480 auctore
417 3421 519 3481 editae
539 3420 734 3495 credidisset,
749 3419 836 3480 aliud
858 3425 1085 3495 argumentum,
1102 3417 1205 3480 simile
1219 3422 1326 3478 tamen

222 3536 252 3583 ao
271 3532 302 3587 et
323 3525 448 3586 libidini
471 3532 503 3585 et
517 3525 698 3585 crudelitati
712 3524 842 3602 peragit.
885 3523 1065 3584 Placentiae
1083 3524 1238 3584 famosam
1261 3542 1327 3583 mu·

270 3632 388 3707 lierem,
416 3631 505 3692 cuius
538 3649 642 3691 amore
670 3631 834 3709 deperiret,
867 3630 901 3690 in
928 3629 1106 3690 convivium
1142 3628 1325 3690 arcessitam

271 3737 388 3800 scribit.
432 3737 483 3797 Ibi
510 3737 679 3797 iactantem
702 3754 768 3797 sese
794 3741 896 3796 scorto
920 3735 1003 3795 inter
1027 3741 1131 3795 cetera
1154 3732 1326 3810 rettulisse,
