3038 4278
267 315 310 384 16
594 324 719 382 LATIN
744 323 993 381 emunctioris

306 499 394 560 Duae
423 503 566 560 senatum
599 496 794 557 distinebant
821 495 1005 571 sententiae,
1034 495 1117 556 senis
1142 496 1178 556 P.
1203 495 1316 572 Licini,

265 623 359 682 quem
387 605 522 682 primum
551 603 669 663 dixisse
697 621 717 661 a
743 600 810 660 filio
838 601 1064 678 interrogatum
1093 601 1210 677 ferunt,
1235 602 1316 662 edici

265 710 370 787 palam
387 708 510 787 placere
532 707 655 785 populo,
670 713 706 766 ut
724 707 778 784 qui
795 706 952 785 particeps
970 725 1037 766 esse
1057 707 1190 784 praedae
1212 706 1317 782 vellet,

265 815 300 874 in
326 822 430 875 castra
458 814 553 876 Veios
577 813 647 888 iret,
673 812 772 872 altera
799 811 860 889 Ap.
889 811 1011 887 Claudi,
1037 812 1092 889 qui
1118 811 1317 890 largitionem

226 935 241 981 o
266 938 387 994 novam,
400 919 574 997 prodigam,
589 917 794 994 inaequalem,
806 917 1015 976 inconsultam
1027 929 1169 994 arguens,
1180 918 1208 978 si
1223 918 1318 978 semel

266 1026 356 1085 nefas
371 1025 520 1084 ducerent
535 1028 657 1101 captam
673 1041 712 1083 ex
726 1022 870 1082 hostibus
880 1023 914 1082 in
924 1023 1045 1083 aerario
1058 1024 1212 1084 exhausto
1226 1023 1318 1085 bellis

266 1130 430 1209 pecuniam
460 1147 539 1203 esse,
561 1133 668 1188 auctor
689 1133 756 1188 erat
778 1127 928 1206 stipendii
951 1147 989 1187 ex
1014 1147 1050 1188 ea
1070 1128 1202 1207 pecunia
1222 1127 1320 1188 militi

266 1234 460 1309 numerandi,
476 1241 512 1293 ut
526 1252 562 1293 eo
577 1233 681 1294 minus
703 1232 815 1292 tributi
830 1232 936 1310 plebes
951 1234 1124 1310 conferret;
1147 1233 1214 1294 eius
1236 1234 1317 1294 enim

266 1341 341 1400 doni
372 1339 553 1400 societatem
583 1357 727 1399 sensuras
756 1338 928 1415 aequaliter
953 1339 1091 1398 omnium
1116 1340 1234 1412 domos,
1257 1358 1320 1398 non
1360 1365 1362 1368 ·

219 1454 247 1499 10
266 1446 376 1506 avidas
391 1445 425 1504 in
440 1445 631 1522 direptiones
654 1462 764 1504 manus
785 1443 955 1504 otiosorum
978 1444 1167 1504 urbanorum
1180 1462 1321 1522 praerep

266 1557 354 1611 turae
366 1550 497 1610 fortium
508 1549 693 1610 bellatorum
708 1548 847 1627 praemia
858 1567 934 1624 esse,
943 1567 1012 1608 oum
1023 1549 1176 1610 itaferme
1185 1549 1319 1624 eveniat,

267 1662 304 1716 ut
318 1656 442 1732 segnior
458 1655 500 1714 ait
515 1655 690 1734 praedator,
704 1660 741 1713 ut
756 1654 888 1732 quisque
899 1654 1015 1714 laboris
1029 1654 1222 1732 periculique
1236 1673 1322 1732 prae·

267 1761 392 1838 cipuam
407 1765 514 1838 petere
530 1765 651 1837 partem
669 1759 775 1820 soleat.

308 1866 449 1925 Licinius
465 1871 574 1925 contra
596 1872 772 1943 suspectam
793 1870 826 1924 et
846 1864 982 1925 invisam
1002 1883 1123 1942 semper
1144 1883 1211 1924 earn
1233 1883 1323 1942 pecu-

220 1981 249 2027 15
268 1972 352 2030 niam
369 1971 435 2030 fore
450 1971 553 2030 aiebat
565 1987 735 2046 causasque
750 1969 916 2028 criminum
930 1969 970 2028 ad
984 1967 1116 2047 plebem,
1132 1969 1321 2030 seditionum

269 2075 341 2136 inde
360 2095 396 2136 ao
424 2075 529 2150 legum
557 2093 708 2134 novarum
736 2073 965 2151 praebituram
1003 2073 1102 2134 satius
1130 2074 1226 2151 igitur
1254 2092 1323 2135 esse

269 2180 462 2241 reconciliari
472 2199 508 2240 eo
522 2180 604 2239 dono
615 2179 717 2258 plebis
728 2179 857 2253 animos,
869 2178 1031 2239 exhaustis
1042 2186 1137 2257 atque
1151 2178 1323 2239 exinanitis

268 2286 388 2346 tributo
402 2291 450 2345 tot
465 2303 617 2345 annorum
633 2285 771 2345 succurri
792 2289 824 2343 et
845 2285 962 2344 sentire
977 2285 1111 2362 praedae
1125 2285 1264 2344 fructum
1285 2304 1323 2345 ex

233 2384 235 2390 ’
270 2409 306 2450 eo
320 2390 412 2465 bello,
424 2390 457 2449 in
473 2410 534 2468 quo
549 2409 644 2468 prope
659 2389 887 2450 consenuerint.
931 2391 1059 2451 Gratius
1070 2390 1104 2449 id
1119 2391 1187 2449 fore
1199 2390 1324 2450 laetius·

222 2505 252 2552 ao
270 2514 339 2574 que,
355 2494 438 2572 quod
454 2495 588 2572 quisque
602 2515 659 2556 sua
677 2514 772 2555 manu
786 2513 825 2554 ex
839 2495 928 2555 hoste
943 2501 1067 2572 captum
1088 2496 1215 2556 domum
1230 2501 1324 2556 rettu-

270 2601 352 2675 lerit,
372 2619 466 2677 quam
488 2600 516 2660 si
539 2599 706 2677 multiplex
729 2601 860 2660 alterius
880 2601 1009 2661 arbitrio
1029 2603 1170 2680 accipiat.
1213 2602 1323 2679 Ipsum

271 2705 457 2766 dictatorem
471 2705 580 2781 fugere
595 2705 745 2764 invidiam
763 2724 801 2764 ex
823 2724 859 2765 eo
877 2705 1090 2784 criminalium
1113 2725 1149 2767 eo
1164 2706 1323 2783 delegasse

270 2811 311 2870 ad
336 2815 496 2885 senatum3
521 2814 664 2870 senatum
687 2829 809 2888 quoque
832 2811 944 2871 debere
967 2811 1113 2872 reiectam
1140 2830 1204 2871 rem
1229 2813 1268 2872 ad
1290 2831 1323 2872 se

270 2915 452 2993 permittere
481 2914 565 2992 plebi
594 2934 630 2975 ac
657 2915 724 2993 pati
753 2916 876 2991 habere,
905 2917 989 2993 quod
1015 2917 1128 2994 cuique
1155 2917 1220 2978 fors
1248 2916 1324 2977 belli

222 3031 251 3078 2⁶
271 3021 403 3081 dederit.

311 3126 400 3186 Haeo
420 3124 520 3186 tutior
541 3125 609 3186 visa
624 3125 780 3186 sententia
800 3132 856 3203 est,
872 3146 951 3204 quae
974 3127 1156 3205 popularem
1180 3132 1324 3188 senatum

247 3301 251 3307 ¹
271 3231 397 3292 faceret.
440 3230 590 3290 Edictum
604 3230 710 3307 itaque
732 3236 789 3306 est,
804 3231 1006 3308 adpraedam
1019 3233 1194 3308 Veientem,
1210 3232 1324 3309 quibus

270 3336 443 3411 videretur,
458 3335 492 3394 in
507 3341 611 3396 eastra
624 3336 664 3396 ad
680 3336 864 3397 dictatorem
880 3338 1160 3414 proficiscerentur.

312 3441 429 3516 Ingens
444 3441 587 3519 profecta
601 3441 772 3502 multitudo
790 3442 925 3520 replevit
939 3449 1048 3504 castra
1092 3445 1173 3502 Tum
1189 3443 1325 3503 dictator

222 3567 252 3613 30
272 3547 433 3624 auspicato
448 3565 601 3622 egressus,
616 3565 687 3607 cum
705 3547 855 3609 edixisset
869 3555 905 3610 ut
925 3569 1014 3611 arma
1033 3549 1152 3610 milites
1167 3555 1322 3627 caperent,

272 3654 367 3711 “Tuo
396 3652 492 3711 ductu
503 3652 521 3684 ”
543 3652 656 3730 inquit,
676 3653 839 3732 “Pythice
855 3654 980 3733 Apollo,
1001 3662 1119 3735 tuoque
1134 3655 1264 3716 numine
1280 3654 1326 3713 in-

272 3758 407 3818 stinctus
436 3775 531 3834 pergo
559 3758 599 3818 ad
628 3757 793 3820 delendam
825 3760 933 3821 urbem
967 3761 1062 3824 Veios
1094 3760 1216 3839 tibique
1250 3760 1324 3821 hinc
