<?xml version="1.0" encoding="UTF-8"?>
<!DOCTYPE html PUBLIC "-//W3C//DTD XHTML 1.0 Transitional//EN"
    "http://www.w3.org/TR/xhtml1/DTD/xhtml1-transitional.dtd">
<html xmlns="http://www.w3.org/1999/xhtml" xml:lang="en" lang="en">
 <head>
  <title>
</title>
<meta http-equiv="Content-Type" content="text/html;charset=utf-8" />
  <meta name='ocr-system' content='tesseract 3.04.00' />
  <meta name='ocr-capabilities' content='ocr_page ocr_carea ocr_par ocr_line ocrx_word'/>
</head>
<body>
  <div class='ocr_page' id='page_1' title='image "./selectionsfromr00miergoog_0036.png"; bbox 0 0 3038 4278; ppageno 0'>
   <div class='ocr_carea' id='block_1_1' title="bbox 471 319 1249 418">
    <p class='ocr_par' dir='ltr' id='par_1_1' title="bbox 471 319 1249 418">
     <span class='ocr_line' id='line_1_1' title="bbox 471 319 1249 418; baseline 0.006 -37"><span class='ocrx_word' id='word_1_1' title='bbox 471 326 600 418; x_wconf 75' lang='lat' dir='ltr'><strong>LlllY’S</strong></span> <span class='ocrx_word' id='word_1_2' title='bbox 623 327 773 384; x_wconf 86' lang='lat' dir='ltr'>ROMAN</span> <span class='ocrx_word' id='word_1_3' title='bbox 796 328 977 385; x_wconf 81' lang='lat' dir='ltr'>HISTORY</span> <span class='ocrx_word' id='word_1_4' title='bbox 1205 319 1249 386; x_wconf 88' lang='grc'><strong>21</strong></span> 
     </span>
    </p>
   </div>
   <div class='ocr_carea' id='block_1_2' title="bbox 192 496 1300 3838">
    <p class='ocr_par' dir='ltr' id='par_1_2' title="bbox 193 496 1300 1834">
     <span class='ocr_line' id='line_1_2' title="bbox 196 496 1249 578; baseline 0.006 -23"><span class='ocrx_word' id='word_1_5' title='bbox 196 496 298 574; x_wconf 91' lang='lat' dir='ltr'><strong>plebis</strong></span> <span class='ocrx_word' id='word_1_6' title='bbox 325 497 516 574; x_wconf 89' lang='lat' dir='ltr'><strong>crescebant,</strong></span> <span class='ocrx_word' id='word_1_7' title='bbox 541 517 612 558; x_wconf 89' lang='lat' dir='ltr'><strong>cum</strong></span> <span class='ocrx_word' id='word_1_8' title='bbox 639 517 676 559; x_wconf 90' lang='lat' dir='ltr'><strong>eo</strong></span> <span class='ocrx_word' id='word_1_9' title='bbox 703 499 781 577; x_wconf 87' lang='lat' dir='ltr'><strong>ipso,</strong></span> <span class='ocrx_word' id='word_1_10' title='bbox 806 501 890 577; x_wconf 93' lang='lat' dir='ltr'><strong>quod</strong></span> <span class='ocrx_word' id='word_1_11' title='bbox 918 519 1044 562; x_wconf 90' lang='lat' dir='ltr'><strong>necesse</strong></span> <span class='ocrx_word' id='word_1_12' title='bbox 1067 507 1136 562; x_wconf 89' lang='lat' dir='ltr'><strong>erat</strong></span> <span class='ocrx_word' id='word_1_13' title='bbox 1160 501 1249 578; x_wconf 85' lang='lat' dir='ltr'><strong>solvi,</strong></span> 
     </span>
     <span class='ocr_line' id='line_1_3' title="bbox 195 601 1250 683; baseline 0.006 -23"><span class='ocrx_word' id='word_1_14' title='bbox 195 601 330 662; x_wconf 74' lang='lat' dir='ltr'><strong>facultas</strong></span> <span class='ocrx_word' id='word_1_15' title='bbox 353 601 497 662; x_wconf 88' lang='lat' dir='ltr'><strong>solvendi</strong></span> <span class='ocrx_word' id='word_1_16' title='bbox 510 603 714 681; x_wconf 82' lang='lat' dir='ltr'><strong>inpediretur.</strong></span> <span class='ocrx_word' id='word_1_17' title='bbox 757 606 870 683; x_wconf 90' lang='lat' dir='ltr'><strong>Itaque</strong></span> <span class='ocrx_word' id='word_1_18' title='bbox 884 624 955 666; x_wconf 91' lang='lat' dir='ltr'><strong>oum</strong></span> <span class='ocrx_word' id='word_1_19' title='bbox 976 606 1038 666; x_wconf 92' lang='lat' dir='ltr'><strong>iam</strong></span> <span class='ocrx_word' id='word_1_20' title='bbox 1060 625 1099 666; x_wconf 84' lang='lat' dir='ltr'><strong>ex</strong></span> <span class='ocrx_word' id='word_1_21' title='bbox 1113 626 1146 666; x_wconf 92' lang='lat' dir='ltr'><strong>re</strong></span> <span class='ocrx_word' id='word_1_22' title='bbox 1168 607 1250 666; x_wconf 91' lang='lat' dir='ltr'><strong>nihil</strong></span> 
     </span>
     <span class='ocr_line' id='line_1_4' title="bbox 196 707 1252 788; baseline 0.007 -22"><span class='ocrx_word' id='word_1_23' title='bbox 196 707 264 766; x_wconf 90' lang='lat' dir='ltr'><strong>dari</strong></span> <span class='ocrx_word' id='word_1_24' title='bbox 278 714 395 785; x_wconf 91' lang='lat' dir='ltr'><strong>posset,</strong></span> <span class='ocrx_word' id='word_1_25' title='bbox 407 709 493 767; x_wconf 87' lang='lat' dir='ltr'><strong>fama</strong></span> <span class='ocrx_word' id='word_1_26' title='bbox 507 715 539 768; x_wconf 89' lang='lat' dir='ltr'><strong>et</strong></span> <span class='ocrx_word' id='word_1_27' title='bbox 553 728 690 787; x_wconf 87' lang='lat' dir='ltr'><strong>corpore,</strong></span> <span class='ocrx_word' id='word_1_28' title='bbox 705 710 837 770; x_wconf 90' lang='lat' dir='ltr'><strong>iudicati</strong></span> <span class='ocrx_word' id='word_1_29' title='bbox 852 717 946 788; x_wconf 90' lang='lat' dir='ltr'><strong>atque</strong></span> <span class='ocrx_word' id='word_1_30' title='bbox 960 711 1088 788; x_wconf 79' lang='lat' dir='ltr'><strong>addicti,</strong></span> <span class='ocrx_word' id='word_1_31' title='bbox 1105 713 1252 773; x_wconf 86' lang='lat' dir='ltr'><strong>creditor-</strong></span> 
     </span>
     <span class='ocr_line' id='line_1_5' title="bbox 194 811 1250 892; baseline 0.008 -22"><span class='ocrx_word' id='word_1_32' title='bbox 194 811 265 872; x_wconf 87' lang='lat' dir='ltr'>ibus</span> <span class='ocrx_word' id='word_1_33' title='bbox 280 813 528 888; x_wconf 75' lang='lat' dir='ltr'><strong>satisfaciebant,</strong></span> <span class='ocrx_word' id='word_1_34' title='bbox 543 833 705 892; x_wconf 80' lang='lat' dir='ltr'>poenaque</span> <span class='ocrx_word' id='word_1_35' title='bbox 720 815 754 874; x_wconf 93' lang='lat' dir='ltr'><strong>in</strong></span> <span class='ocrx_word' id='word_1_36' title='bbox 767 815 867 875; x_wconf 85' lang='lat' dir='ltr'><strong>vicem</strong></span> <span class='ocrx_word' id='word_1_37' title='bbox 883 816 956 876; x_wconf 90' lang='lat' dir='ltr'><strong>fidei</strong></span> <span class='ocrx_word' id='word_1_38' title='bbox 973 822 1118 878; x_wconf 76' lang='lat' dir='ltr'><strong>cesserat.</strong></span> <span class='ocrx_word' id='word_1_39' title='bbox 1161 818 1250 878; x_wconf 86' lang='lat' dir='ltr'><strong>Adeo</strong></span> 
     </span>
     <span class='ocr_line' id='line_1_6' title="bbox 195 918 1283 996; baseline 0.007 -20"><span class='ocrx_word' id='word_1_40' title='bbox 195 935 268 993; x_wconf 88' lang='lat' dir='ltr'><strong>ergo</strong></span> <span class='ocrx_word' id='word_1_41' title='bbox 289 918 438 978; x_wconf 87' lang='lat' dir='ltr'><strong>obnoxios</strong></span> <span class='ocrx_word' id='word_1_42' title='bbox 461 920 684 996; x_wconf 79' lang='lat' dir='ltr'><strong>summiserant</strong></span> <span class='ocrx_word' id='word_1_43' title='bbox 706 920 826 980; x_wconf 93' lang='lat' dir='ltr'><strong>animos</strong></span> <span class='ocrx_word' id='word_1_44' title='bbox 847 940 911 980; x_wconf 91' lang='lat' dir='ltr'><strong>non</strong></span> <span class='ocrx_word' id='word_1_45' title='bbox 932 921 1034 981; x_wconf 88' lang='lat' dir='ltr'><strong>infimi</strong></span> <span class='ocrx_word' id='word_1_46' title='bbox 1059 922 1170 996; x_wconf 90' lang='lat' dir='ltr'><strong>solum,</strong></span> <span class='ocrx_word' id='word_1_47' title='bbox 1195 924 1283 984; x_wconf 75' lang='lat' dir='ltr'><strong>sedo</strong></span> 
     </span>
     <span class='ocr_line' id='line_1_7' title="bbox 194 1022 1251 1101; baseline 0.007 -21"><span class='ocrx_word' id='word_1_48' title='bbox 194 1022 352 1101; x_wconf 83' lang='lat' dir='ltr'><strong>principes</strong></span> <span class='ocrx_word' id='word_1_49' title='bbox 367 1024 461 1084; x_wconf 87' lang='lat' dir='ltr'><strong>etiam</strong></span> <span class='ocrx_word' id='word_1_50' title='bbox 477 1024 587 1101; x_wconf 89' lang='lat' dir='ltr'><strong>plebis,</strong></span> <span class='ocrx_word' id='word_1_51' title='bbox 602 1031 716 1084; x_wconf 86' lang='lat' dir='ltr'><strong>utnon</strong></span> <span class='ocrx_word' id='word_1_52' title='bbox 731 1025 823 1085; x_wconf 93' lang='lat' dir='ltr'><strong>modo</strong></span> <span class='ocrx_word' id='word_1_53' title='bbox 844 1026 885 1086; x_wconf 92' lang='lat' dir='ltr'><strong>ad</strong></span> <span class='ocrx_word' id='word_1_54' title='bbox 898 1026 1094 1088; x_wconf 90' lang='lat' dir='ltr'><strong>tribunatum</strong></span> <span class='ocrx_word' id='word_1_55' title='bbox 1111 1027 1251 1087; x_wconf 88' lang='lat' dir='ltr'><strong>militum</strong></span> 
     </span>
     <span class='ocr_line' id='line_1_8' title="bbox 194 1127 1249 1208; baseline 0.009 -23"><span class='ocrx_word' id='word_1_56' title='bbox 194 1127 277 1188; x_wconf 90' lang='lat' dir='ltr'><strong>inter</strong></span> <span class='ocrx_word' id='word_1_57' title='bbox 286 1129 434 1205; x_wconf 85' lang='lat' dir='ltr'><strong>patricios</strong></span> <span class='ocrx_word' id='word_1_58' title='bbox 446 1129 627 1206; x_wconf 90' lang='lat' dir='ltr'><strong>petendum,</strong></span> <span class='ocrx_word' id='word_1_59' title='bbox 639 1130 723 1208; x_wconf 92' lang='lat' dir='ltr'><strong>quod</strong></span> <span class='ocrx_word' id='word_1_60' title='bbox 734 1136 825 1190; x_wconf 89' lang='lat' dir='ltr'><strong>tanta</strong></span> <span class='ocrx_word' id='word_1_61' title='bbox 833 1131 865 1190; x_wconf 87' lang='lat' dir='ltr'><strong>vi</strong></span> <span class='ocrx_word' id='word_1_62' title='bbox 876 1137 913 1191; x_wconf 91' lang='lat' dir='ltr'><strong>ut</strong></span> <span class='ocrx_word' id='word_1_63' title='bbox 921 1131 1030 1192; x_wconf 87' lang='lat' dir='ltr'><strong>liceret</strong></span> <span class='ocrx_word' id='word_1_64' title='bbox 1040 1133 1249 1208; x_wconf 90' lang='lat' dir='ltr'><strong>tetenderant,</strong></span> 
     </span>
     <span class='ocr_line' id='line_1_9' title="bbox 194 1233 1251 1316; baseline 0.007 -25"><span class='ocrx_word' id='word_1_65' title='bbox 194 1233 250 1292; x_wconf 90' lang='lat' dir='ltr'><strong>sed</strong></span> <span class='ocrx_word' id='word_1_66' title='bbox 264 1251 303 1292; x_wconf 91' lang='lat' dir='ltr'><strong>ue</strong></span> <span class='ocrx_word' id='word_1_67' title='bbox 323 1234 363 1293; x_wconf 92' lang='lat' dir='ltr'><strong>ad</strong></span> <span class='ocrx_word' id='word_1_68' title='bbox 384 1233 523 1310; x_wconf 89' lang='lat' dir='ltr'><strong>plebeios</strong></span> <span class='ocrx_word' id='word_1_69' title='bbox 545 1235 672 1311; x_wconf 90' lang='lat' dir='ltr'><strong>quidem</strong></span> <span class='ocrx_word' id='word_1_70' title='bbox 694 1236 898 1311; x_wconf 86' lang='lat' dir='ltr'><strong>magistratus</strong></span> <span class='ocrx_word' id='word_1_71' title='bbox 919 1239 1124 1315; x_wconf 87' lang='lat' dir='ltr'><strong>capessendos</strong></span> <span class='ocrx_word' id='word_1_72' title='bbox 1146 1244 1251 1316; x_wconf 89' lang='lat' dir='ltr'><strong>peten-</strong></span> 
     </span>
     <span class='ocr_line' id='line_1_10' title="bbox 194 1337 1251 1421; baseline 0.006 -24"><span class='ocrx_word' id='word_1_73' title='bbox 194 1338 312 1415; x_wconf 90' lang='lat' dir='ltr'><strong>dosque</strong></span> <span class='ocrx_word' id='word_1_74' title='bbox 326 1337 385 1398; x_wconf 93' lang='lat' dir='ltr'><strong>ulli</strong></span> <span class='ocrx_word' id='word_1_75' title='bbox 400 1339 469 1399; x_wconf 87' lang='lat' dir='ltr'><strong>viro</strong></span> <span class='ocrx_word' id='word_1_76' title='bbox 482 1340 548 1400; x_wconf 91' lang='lat' dir='ltr'><strong>acri</strong></span> <span class='ocrx_word' id='word_1_77' title='bbox 568 1340 807 1419; x_wconf 84' lang='lat' dir='ltr'><strong>experientique</strong></span> <span class='ocrx_word' id='word_1_78' title='bbox 828 1341 952 1405; x_wconf 88' lang='lat' dir='ltr'><strong>animus</strong></span> <span class='ocrx_word' id='word_1_79' title='bbox 974 1349 1067 1418; x_wconf 87' lang='lat' dir='ltr'><strong>esset,</strong></span> <span class='ocrx_word' id='word_1_80' title='bbox 1082 1344 1251 1421; x_wconf 86' lang='lat' dir='ltr'><strong>possessio</strong></span> 
     </span>
     <span class='ocr_line' id='line_1_11' title="bbox 193 1444 1300 1526; baseline 0.005 -24"><span class='ocrx_word' id='word_1_81' title='bbox 193 1462 327 1521; x_wconf 85' lang='lat' dir='ltr'><strong>nemque</strong></span> <span class='ocrx_word' id='word_1_82' title='bbox 353 1444 480 1504; x_wconf 91' lang='lat' dir='ltr'><strong>honoris</strong></span> <span class='ocrx_word' id='word_1_83' title='bbox 503 1445 649 1523; x_wconf 90' lang='lat' dir='ltr'><strong>usurpati</strong></span> <span class='ocrx_word' id='word_1_84' title='bbox 673 1446 765 1506; x_wconf 91' lang='lat' dir='ltr'><strong>modo</strong></span> <span class='ocrx_word' id='word_1_85' title='bbox 788 1464 807 1506; x_wconf 92' lang='lat' dir='ltr'><strong>a</strong></span> <span class='ocrx_word' id='word_1_86' title='bbox 828 1445 920 1524; x_wconf 87' lang='lat' dir='ltr'><strong>plebe</strong></span> <span class='ocrx_word' id='word_1_87' title='bbox 941 1467 1130 1526; x_wconf 86' lang='lat' dir='ltr'><strong>perpaucos</strong></span> <span class='ocrx_word' id='word_1_88' title='bbox 1151 1467 1250 1509; x_wconf 90' lang='lat' dir='ltr'><strong>annos</strong></span> <span class='ocrx_word' id='word_1_89' title='bbox 1270 1462 1300 1508; x_wconf 82' lang='grc' dir='ltr'><strong>ιο</strong></span> 
     </span>
     <span class='ocr_line' id='line_1_12' title="bbox 193 1549 1250 1628; baseline 0.008 -22"><span class='ocrx_word' id='word_1_90' title='bbox 193 1567 394 1626; x_wconf 85' lang='lat' dir='ltr'><strong>recuperasse</strong></span> <span class='ocrx_word' id='word_1_91' title='bbox 413 1549 447 1607; x_wconf 91' lang='lat' dir='ltr'><strong>in</strong></span> <span class='ocrx_word' id='word_1_92' title='bbox 468 1556 654 1628; x_wconf 86' lang='lat' dir='ltr'><strong>perpetuum</strong></span> <span class='ocrx_word' id='word_1_93' title='bbox 676 1557 783 1628; x_wconf 90' lang='lat' dir='ltr'><strong>patres</strong></span> <span class='ocrx_word' id='word_1_94' title='bbox 803 1552 994 1612; x_wconf 89' lang='lat' dir='ltr'><strong>viderentur.</strong></span> <span class='ocrx_word' id='word_1_95' title='bbox 1036 1555 1086 1614; x_wconf 86' lang='lat' dir='ltr'><strong>Ne</strong></span> <span class='ocrx_word' id='word_1_96' title='bbox 1107 1553 1141 1614; x_wconf 94' lang='lat' dir='ltr'><strong>id</strong></span> <span class='ocrx_word' id='word_1_97' title='bbox 1154 1553 1250 1615; x_wconf 91' lang='lat' dir='ltr'><strong>nimis</strong></span> 
     </span>
     <span class='ocr_line' id='line_1_13' title="bbox 193 1653 1250 1736; baseline 0.005 -23"><span class='ocrx_word' id='word_1_98' title='bbox 193 1653 311 1714; x_wconf 89' lang='lat' dir='ltr'><strong>laetum</strong></span> <span class='ocrx_word' id='word_1_99' title='bbox 334 1655 418 1732; x_wconf 87' lang='lat' dir='ltr'><strong>parti</strong></span> <span class='ocrx_word' id='word_1_100' title='bbox 442 1655 534 1715; x_wconf 89' lang='lat' dir='ltr'><strong>alteri</strong></span> <span class='ocrx_word' id='word_1_101' title='bbox 559 1661 651 1731; x_wconf 88' lang='lat' dir='ltr'><strong>esset,</strong></span> <span class='ocrx_word' id='word_1_102' title='bbox 673 1675 779 1734; x_wconf 90' lang='lat' dir='ltr'><strong>parva,</strong></span> <span class='ocrx_word' id='word_1_103' title='bbox 802 1663 838 1716; x_wconf 86' lang='lat' dir='ltr'><strong>ut</strong></span> <span class='ocrx_word' id='word_1_104' title='bbox 861 1657 1045 1736; x_wconf 91' lang='lat' dir='ltr'><strong>plerumque</strong></span> <span class='ocrx_word' id='word_1_105' title='bbox 1071 1659 1159 1735; x_wconf 89' lang='lat' dir='ltr'><strong>solat,</strong></span> <span class='ocrx_word' id='word_1_106' title='bbox 1184 1678 1250 1719; x_wconf 89' lang='lat' dir='ltr'><strong>rem</strong></span> 
     </span>
     <span class='ocr_line' id='line_1_14' title="bbox 194 1748 829 1834; baseline 0.009 -17"><span class='ocrx_word' id='word_1_107' title='bbox 194 1759 353 1834; x_wconf 84' lang='lat' dir='ltr'><strong>ingentem</strong></span> <span class='ocrx_word' id='word_1_108' title='bbox 369 1759 524 1820; x_wconf 89' lang='lat' dir='ltr'><strong>moliundi</strong></span> <span class='ocrx_word' id='word_1_109' title='bbox 539 1748 634 1822; x_wconf 87' lang='lat' dir='ltr'><strong>eausa</strong></span> <span class='ocrx_word' id='word_1_110' title='bbox 647 1761 829 1823; x_wconf 89' lang='lat' dir='ltr'><strong>intervenit.</strong></span> 
     </span>
    </p>

    <p class='ocr_par' dir='ltr' id='par_1_3' title="bbox 192 1865 1299 3838">
     <span class='ocr_line' id='line_1_15' title="bbox 234 1865 1250 1948; baseline 0.006 -24"><span class='ocrx_word' id='word_1_111' title='bbox 234 1867 278 1924; x_wconf 90' lang='lat' dir='ltr'><strong>M.</strong></span> <span class='ocrx_word' id='word_1_112' title='bbox 305 1865 382 1925; x_wconf 86' lang='lat' dir='ltr'><strong>Fabi</strong></span> <span class='ocrx_word' id='word_1_113' title='bbox 406 1866 565 1942; x_wconf 85' lang='lat' dir='ltr'><strong>Ambusti,</strong></span> <span class='ocrx_word' id='word_1_114' title='bbox 590 1867 730 1944; x_wconf 89' lang='lat' dir='ltr'><strong>potentis</strong></span> <span class='ocrx_word' id='word_1_115' title='bbox 755 1867 816 1926; x_wconf 86' lang='lat' dir='ltr'><strong>viri</strong></span> <span class='ocrx_word' id='word_1_116' title='bbox 838 1886 908 1928; x_wconf 91' lang='lat' dir='ltr'><strong>cum</strong></span> <span class='ocrx_word' id='word_1_117' title='bbox 934 1869 1016 1930; x_wconf 90' lang='lat' dir='ltr'><strong>inter</strong></span> <span class='ocrx_word' id='word_1_118' title='bbox 1037 1870 1086 1929; x_wconf 92' lang='lat' dir='ltr'><strong>sui</strong></span> <span class='ocrx_word' id='word_1_119' title='bbox 1111 1872 1250 1948; x_wconf 90' lang='lat' dir='ltr'><strong>corporis</strong></span> 
     </span>
     <span class='ocr_line' id='line_1_16' title="bbox 193 1968 1297 2052; baseline 0.006 -23"><span class='ocrx_word' id='word_1_120' title='bbox 193 1970 337 2030; x_wconf 90' lang='lat' dir='ltr'><strong>homines</strong></span> <span class='ocrx_word' id='word_1_121' title='bbox 352 1977 420 2030; x_wconf 87' lang='lat' dir='ltr'><strong>tum</strong></span> <span class='ocrx_word' id='word_1_122' title='bbox 435 1971 531 2032; x_wconf 90' lang='lat' dir='ltr'><strong>etiam</strong></span> <span class='ocrx_word' id='word_1_123' title='bbox 545 1972 586 2032; x_wconf 90' lang='lat' dir='ltr'><strong>ad</strong></span> <span class='ocrx_word' id='word_1_124' title='bbox 605 1972 738 2049; x_wconf 90' lang='lat' dir='ltr'><strong>plebem,</strong></span> <span class='ocrx_word' id='word_1_125' title='bbox 754 1973 837 2050; x_wconf 94' lang='lat' dir='ltr'><strong>quod</strong></span> <span class='ocrx_word' id='word_1_126' title='bbox 855 1968 1097 2052; x_wconf 88' lang='lat' dir='ltr'><strong>haudquaquam</strong></span> <span class='ocrx_word' id='word_1_127' title='bbox 1119 1975 1202 2035; x_wconf 91' lang='lat' dir='ltr'><strong>inter</strong></span> <span class='ocrx_word' id='word_1_128' title='bbox 1216 1976 1250 2035; x_wconf 91' lang='lat' dir='ltr'><strong>id</strong></span> <span class='ocrx_word' id='word_1_129' title='bbox 1269 1991 1297 2037; x_wconf 76' lang='lat'><strong>15</strong></span> 
     </span>
     <span class='ocr_line' id='line_1_17' title="bbox 193 2077 1248 2158; baseline 0.006 -24"><span class='ocrx_word' id='word_1_130' title='bbox 193 2093 292 2151; x_wconf 85' lang='lat' dir='ltr'><strong>genus</strong></span> <span class='ocrx_word' id='word_1_131' title='bbox 312 2082 510 2154; x_wconf 88' lang='lat' dir='ltr'><strong>contemptor</strong></span> <span class='ocrx_word' id='word_1_132' title='bbox 530 2077 598 2138; x_wconf 89' lang='lat' dir='ltr'><strong>eius</strong></span> <span class='ocrx_word' id='word_1_133' title='bbox 622 2077 805 2153; x_wconf 84' lang='lat' dir='ltr'><strong>habebatur,</strong></span> <span class='ocrx_word' id='word_1_134' title='bbox 827 2077 912 2138; x_wconf 88' lang='lat' dir='ltr'><strong>filiae</strong></span> <span class='ocrx_word' id='word_1_135' title='bbox 937 2079 1017 2139; x_wconf 92' lang='lat' dir='ltr'><strong>duae</strong></span> <span class='ocrx_word' id='word_1_136' title='bbox 1041 2086 1159 2158; x_wconf 88' lang='lat' dir='ltr'><strong>nuptae</strong></span> <span class='ocrx_word' id='word_1_137' title='bbox 1184 2081 1248 2140; x_wconf 82' lang='lat' dir='ltr'><strong>Ser.</strong></span> 
     </span>
     <span class='ocr_line' id='line_1_18' title="bbox 194 2180 1251 2263; baseline 0.006 -24"><span class='ocrx_word' id='word_1_138' title='bbox 194 2180 335 2258; x_wconf 83' lang='lat' dir='ltr'><strong>Sulpicio</strong></span> <span class='ocrx_word' id='word_1_139' title='bbox 356 2181 464 2256; x_wconf 91' lang='lat' dir='ltr'><strong>maior,</strong></span> <span class='ocrx_word' id='word_1_140' title='bbox 480 2181 581 2241; x_wconf 90' lang='lat' dir='ltr'><strong>minor</strong></span> <span class='ocrx_word' id='word_1_141' title='bbox 602 2182 635 2242; x_wconf 83' lang='lat' dir='ltr'><strong>O.</strong></span> <span class='ocrx_word' id='word_1_142' title='bbox 652 2182 775 2242; x_wconf 87' lang='lat' dir='ltr'><strong>Licinio</strong></span> <span class='ocrx_word' id='word_1_143' title='bbox 798 2183 919 2242; x_wconf 82' lang='lat' dir='ltr'><strong>Stoloni</strong></span> <span class='ocrx_word' id='word_1_144' title='bbox 940 2190 1016 2259; x_wconf 88' lang='lat' dir='ltr'><strong>erat,</strong></span> <span class='ocrx_word' id='word_1_145' title='bbox 1037 2184 1164 2246; x_wconf 89' lang='lat' dir='ltr'><strong>inlustri</strong></span> <span class='ocrx_word' id='word_1_146' title='bbox 1185 2187 1251 2263; x_wconf 94' lang='lat' dir='ltr'><strong>qui-</strong></span> 
     </span>
     <span class='ocr_line' id='line_1_19' title="bbox 194 2285 1251 2368; baseline 0.009 -24"><span class='ocrx_word' id='word_1_147' title='bbox 194 2285 265 2345; x_wconf 89' lang='lat' dir='ltr'><strong>dem</strong></span> <span class='ocrx_word' id='word_1_148' title='bbox 280 2285 358 2360; x_wconf 87' lang='lat' dir='ltr'><strong>viro,</strong></span> <span class='ocrx_word' id='word_1_149' title='bbox 373 2292 480 2362; x_wconf 79' lang='lat' dir='ltr'><strong>tamen</strong></span> <span class='ocrx_word' id='word_1_150' title='bbox 496 2285 636 2364; x_wconf 89' lang='lat' dir='ltr'><strong>plebeio;</strong></span> <span class='ocrx_word' id='word_1_151' title='bbox 658 2305 756 2364; x_wconf 89' lang='lat' dir='ltr'><strong>eaque</strong></span> <span class='ocrx_word' id='word_1_152' title='bbox 777 2287 847 2365; x_wconf 90' lang='lat' dir='ltr'><strong>ipsa</strong></span> <span class='ocrx_word' id='word_1_153' title='bbox 868 2287 1016 2349; x_wconf 90' lang='lat' dir='ltr'><strong>adfinitas</strong></span> <span class='ocrx_word' id='word_1_154' title='bbox 1038 2289 1123 2350; x_wconf 89' lang='lat' dir='ltr'><strong>haud</strong></span> <span class='ocrx_word' id='word_1_155' title='bbox 1145 2298 1251 2368; x_wconf 89' lang='lat' dir='ltr'><strong>spreta</strong></span> 
     </span>
     <span class='ocr_line' id='line_1_20' title="bbox 194 2390 1250 2472; baseline 0.006 -20"><span class='ocrx_word' id='word_1_156' title='bbox 194 2390 325 2466; x_wconf 85' lang='lat' dir='ltr'><strong>gratiam</strong></span> <span class='ocrx_word' id='word_1_157' title='bbox 342 2392 440 2452; x_wconf 78' lang='lat' dir='ltr'><strong>Fabio</strong></span> <span class='ocrx_word' id='word_1_158' title='bbox 455 2392 495 2451; x_wconf 92' lang='lat' dir='ltr'><strong>ad</strong></span> <span class='ocrx_word' id='word_1_159' title='bbox 516 2392 645 2467; x_wconf 85' lang='lat' dir='ltr'><strong>vulgum</strong></span> <span class='ocrx_word' id='word_1_160' title='bbox 667 2393 854 2470; x_wconf 88' lang='lat' dir='ltr'><strong>quaesierat.</strong></span> <span class='ocrx_word' id='word_1_161' title='bbox 897 2395 991 2457; x_wconf 82' lang='lat' dir='ltr'><strong>Forte</strong></span> <span class='ocrx_word' id='word_1_162' title='bbox 1011 2393 1057 2453; x_wconf 90' lang='lat' dir='ltr'><strong>ita</strong></span> <span class='ocrx_word' id='word_1_163' title='bbox 1077 2395 1199 2472; x_wconf 90' lang='lat' dir='ltr'><strong>incidit,</strong></span> <span class='ocrx_word' id='word_1_164' title='bbox 1214 2404 1250 2458; x_wconf 90' lang='lat' dir='ltr'><strong>ut</strong></span> 
     </span>
     <span class='ocr_line' id='line_1_21' title="bbox 194 2496 1298 2574; baseline 0.009 -20"><span class='ocrx_word' id='word_1_165' title='bbox 194 2497 229 2555; x_wconf 90' lang='lat' dir='ltr'><strong>in</strong></span> <span class='ocrx_word' id='word_1_166' title='bbox 244 2497 308 2563; x_wconf 84' lang='lat' dir='ltr'><strong>Ser.</strong></span> <span class='ocrx_word' id='word_1_167' title='bbox 326 2496 446 2574; x_wconf 85' lang='lat' dir='ltr'><strong>Sulpici</strong></span> <span class='ocrx_word' id='word_1_168' title='bbox 460 2497 580 2557; x_wconf 92' lang='lat' dir='ltr'><strong>tribuni</strong></span> <span class='ocrx_word' id='word_1_169' title='bbox 595 2497 733 2557; x_wconf 90' lang='lat' dir='ltr'><strong>militum</strong></span> <span class='ocrx_word' id='word_1_170' title='bbox 748 2496 840 2558; x_wconf 92' lang='lat' dir='ltr'><strong>domo</strong></span> <span class='ocrx_word' id='word_1_171' title='bbox 855 2517 975 2559; x_wconf 88' lang='lat' dir='ltr'><strong>sorores</strong></span> <span class='ocrx_word' id='word_1_172' title='bbox 990 2499 1106 2561; x_wconf 84' lang='lat' dir='ltr'><strong>Fabiae</strong></span> <span class='ocrx_word' id='word_1_173' title='bbox 1120 2508 1190 2561; x_wconf 90' lang='lat' dir='ltr'><strong>cum</strong></span> <span class='ocrx_word' id='word_1_174' title='bbox 1205 2502 1250 2561; x_wconf 92' lang='lat' dir='ltr'><strong>in·</strong></span> <span class='ocrx_word' id='word_1_175' title='bbox 1269 2519 1298 2564; x_wconf 80' lang='lat' dir='ltr'><strong>ao</strong></span> 
     </span>
     <span class='ocr_line' id='line_1_22' title="bbox 193 2602 1248 2682; baseline 0.007 -22"><span class='ocrx_word' id='word_1_176' title='bbox 193 2608 242 2661; x_wconf 90' lang='lat' dir='ltr'><strong>ter</strong></span> <span class='ocrx_word' id='word_1_177' title='bbox 257 2621 298 2676; x_wconf 91' lang='lat' dir='ltr'><strong>se,</strong></span> <span class='ocrx_word' id='word_1_178' title='bbox 314 2608 350 2662; x_wconf 92' lang='lat' dir='ltr'><strong>ut</strong></span> <span class='ocrx_word' id='word_1_179' title='bbox 363 2602 409 2676; x_wconf 89' lang='lat' dir='ltr'><strong>fit,</strong></span> <span class='ocrx_word' id='word_1_180' title='bbox 426 2602 620 2662; x_wconf 89' lang='lat' dir='ltr'><strong>sermonibus</strong></span> <span class='ocrx_word' id='word_1_181' title='bbox 631 2608 756 2680; x_wconf 86' lang='lat' dir='ltr'><strong>tempus</strong></span> <span class='ocrx_word' id='word_1_182' title='bbox 770 2609 917 2678; x_wconf 89' lang='lat' dir='ltr'><strong>tererent,</strong></span> <span class='ocrx_word' id='word_1_183' title='bbox 929 2603 1021 2664; x_wconf 87' lang='lat' dir='ltr'><strong>lictor</strong></span> <span class='ocrx_word' id='word_1_184' title='bbox 1037 2605 1166 2682; x_wconf 84' lang='lat' dir='ltr'><strong>Sulpici,</strong></span> <span class='ocrx_word' id='word_1_185' title='bbox 1179 2613 1248 2666; x_wconf 83' lang='lat' dir='ltr'><strong>c&#39;um</strong></span> 
     </span>
     <span class='ocr_line' id='line_1_23' title="bbox 193 2707 1250 2788; baseline 0.006 -22"><span class='ocrx_word' id='word_1_186' title='bbox 193 2707 221 2768; x_wconf 89' lang='lat' dir='ltr'><strong>is</strong></span> <span class='ocrx_word' id='word_1_187' title='bbox 243 2708 282 2767; x_wconf 94' lang='lat' dir='ltr'><strong>de</strong></span> <span class='ocrx_word' id='word_1_188' title='bbox 303 2707 373 2767; x_wconf 88' lang='lat' dir='ltr'><strong>foro</strong></span> <span class='ocrx_word' id='word_1_189' title='bbox 395 2726 428 2767; x_wconf 89' lang='lat' dir='ltr'><strong>se</strong></span> <span class='ocrx_word' id='word_1_190' title='bbox 452 2707 580 2766; x_wconf 92' lang='lat' dir='ltr'><strong>domum</strong></span> <span class='ocrx_word' id='word_1_191' title='bbox 604 2707 767 2784; x_wconf 90' lang='lat' dir='ltr'><strong>reciperet,</strong></span> <span class='ocrx_word' id='word_1_192' title='bbox 789 2708 899 2783; x_wconf 84' lang='lat' dir='ltr'><strong>forem,</strong></span> <span class='ocrx_word' id='word_1_193' title='bbox 921 2715 957 2768; x_wconf 89' lang='lat' dir='ltr'><strong>ut</strong></span> <span class='ocrx_word' id='word_1_194' title='bbox 982 2729 1049 2770; x_wconf 92' lang='lat' dir='ltr'><strong>mos</strong></span> <span class='ocrx_word' id='word_1_195' title='bbox 1078 2716 1135 2786; x_wconf 88' lang='lat' dir='ltr'><strong>est,</strong></span> <span class='ocrx_word' id='word_1_196' title='bbox 1160 2713 1250 2788; x_wconf 85' lang='lat' dir='ltr'><strong>virga</strong></span> 
     </span>
     <span class='ocr_line' id='line_1_24' title="bbox 194 2812 1250 2893; baseline 0.005 -20"><span class='ocrx_word' id='word_1_197' title='bbox 194 2820 379 2891; x_wconf 87' lang='lat' dir='ltr'><strong>percuteret.</strong></span> <span class='ocrx_word' id='word_1_198' title='bbox 416 2813 495 2873; x_wconf 83' lang='lat' dir='ltr'><strong>Cum</strong></span> <span class='ocrx_word' id='word_1_199' title='bbox 510 2814 550 2874; x_wconf 90' lang='lat' dir='ltr'><strong>ad</strong></span> <span class='ocrx_word' id='word_1_200' title='bbox 565 2812 607 2888; x_wconf 90' lang='lat' dir='ltr'><strong>id,</strong></span> <span class='ocrx_word' id='word_1_201' title='bbox 619 2812 714 2874; x_wconf 92' lang='lat' dir='ltr'><strong>moris</strong></span> <span class='ocrx_word' id='word_1_202' title='bbox 730 2813 797 2874; x_wconf 89' lang='lat' dir='ltr'><strong>eius</strong></span> <span class='ocrx_word' id='word_1_203' title='bbox 811 2814 945 2890; x_wconf 88' lang='lat' dir='ltr'><strong>insueta,</strong></span> <span class='ocrx_word' id='word_1_204' title='bbox 958 2817 1138 2893; x_wconf 85' lang='lat' dir='ltr'><strong>expavisset</strong></span> <span class='ocrx_word' id='word_1_205' title='bbox 1148 2818 1250 2878; x_wconf 89' lang='lat' dir='ltr'><strong>minor</strong></span> 
     </span>
     <span class='ocr_line' id='line_1_25' title="bbox 194 2910 1250 2995; baseline 0.005 -17"><span class='ocrx_word' id='word_1_206' title='bbox 194 2910 301 2995; x_wconf 85' lang='lat' dir='ltr'><strong>Fabia,</strong></span> <span class='ocrx_word' id='word_1_207' title='bbox 323 2919 402 2978; x_wconf 89' lang='lat' dir='ltr'><strong>risui</strong></span> <span class='ocrx_word' id='word_1_208' title='bbox 424 2919 522 2978; x_wconf 92' lang='lat' dir='ltr'><strong>sorori</strong></span> <span class='ocrx_word' id='word_1_209' title='bbox 542 2918 614 2993; x_wconf 81' lang='lat' dir='ltr'><strong>fuit,</strong></span> <span class='ocrx_word' id='word_1_210' title='bbox 637 2919 765 2979; x_wconf 90' lang='lat' dir='ltr'><strong>miranti</strong></span> <span class='ocrx_word' id='word_1_211' title='bbox 786 2919 929 2995; x_wconf 85' lang='lat' dir='ltr'><strong>ignorare</strong></span> <span class='ocrx_word' id='word_1_212' title='bbox 949 2921 984 2980; x_wconf 92' lang='lat' dir='ltr'><strong>id</strong></span> <span class='ocrx_word' id='word_1_213' title='bbox 1005 2940 1151 2982; x_wconf 90' lang='lat' dir='ltr'><strong>sororem.</strong></span> <span class='ocrx_word' id='word_1_214' title='bbox 1197 2924 1250 2984; x_wconf 83' lang='lat' dir='ltr'><strong>Oe-</strong></span> 
     </span>
     <span class='ocr_line' id='line_1_26' title="bbox 193 3023 1298 3102; baseline 0.002 -18"><span class='ocrx_word' id='word_1_215' title='bbox 193 3030 296 3090; x_wconf 91' lang='lat' dir='ltr'><strong>terum</strong></span> <span class='ocrx_word' id='word_1_216' title='bbox 310 3025 338 3084; x_wconf 91' lang='lat' dir='ltr'><strong>is</strong></span> <span class='ocrx_word' id='word_1_217' title='bbox 353 3023 436 3084; x_wconf 89' lang='lat' dir='ltr'><strong>risus</strong></span> <span class='ocrx_word' id='word_1_218' title='bbox 451 3023 596 3084; x_wconf 92' lang='lat' dir='ltr'><strong>stimulos</strong></span> <span class='ocrx_word' id='word_1_219' title='bbox 617 3024 725 3102; x_wconf 88' lang='lat' dir='ltr'><strong>parvis</strong></span> <span class='ocrx_word' id='word_1_220' title='bbox 739 3025 848 3084; x_wconf 90' lang='lat' dir='ltr'><strong>mobili</strong></span> <span class='ocrx_word' id='word_1_221' title='bbox 869 3025 962 3086; x_wconf 88' lang='lat' dir='ltr'><strong>rebus</strong></span> <span class='ocrx_word' id='word_1_222' title='bbox 977 3027 1082 3086; x_wconf 90' lang='lat' dir='ltr'><strong>animo</strong></span> <span class='ocrx_word' id='word_1_223' title='bbox 1103 3027 1250 3088; x_wconf 90' lang='lat' dir='ltr'><strong>muliebri</strong></span> <span class='ocrx_word' id='word_1_224' title='bbox 1268 3041 1298 3086; x_wconf 80' lang='lat' dir='ltr'><strong>at</strong></span> 
     </span>
     <span class='ocr_line' id='line_1_27' title="bbox 195 3129 1248 3211; baseline 0.004 -22"><span class='ocrx_word' id='word_1_225' title='bbox 195 3129 344 3189; x_wconf 91' lang='lat' dir='ltr'><strong>subdidit.</strong></span> <span class='ocrx_word' id='word_1_226' title='bbox 388 3129 579 3206; x_wconf 85' lang='lat' dir='ltr'><strong>Frequentia</strong></span> <span class='ocrx_word' id='word_1_227' title='bbox 590 3148 713 3207; x_wconf 91' lang='lat' dir='ltr'><strong>quoque</strong></span> <span class='ocrx_word' id='word_1_228' title='bbox 727 3131 984 3208; x_wconf 85' lang='lat' dir='ltr'><strong>prosequentium</strong></span> <span class='ocrx_word' id='word_1_229' title='bbox 998 3133 1248 3211; x_wconf 86' lang='lat' dir='ltr'><strong>rogantiumque,</strong></span> 
     </span>
     <span class='ocr_line' id='line_1_28' title="bbox 192 3233 1249 3311; baseline 0.007 -18"><span class='ocrx_word' id='word_1_230' title='bbox 192 3254 267 3294; x_wconf 91' lang='lat' dir='ltr'><strong>num</strong></span> <span class='ocrx_word' id='word_1_231' title='bbox 290 3233 366 3311; x_wconf 92' lang='lat' dir='ltr'><strong>quid</strong></span> <span class='ocrx_word' id='word_1_232' title='bbox 388 3233 494 3309; x_wconf 89' lang='lat' dir='ltr'><strong>vallet,</strong></span> <span class='ocrx_word' id='word_1_233' title='bbox 510 3235 603 3294; x_wconf 88' lang='lat' dir='ltr'><strong>oredo</strong></span> <span class='ocrx_word' id='word_1_234' title='bbox 623 3235 819 3296; x_wconf 84' lang='lat' dir='ltr'><strong>fortunatum</strong></span> <span class='ocrx_word' id='word_1_235' title='bbox 834 3235 1068 3296; x_wconf 90' lang='lat' dir='ltr'><strong>matrimonium</strong></span> <span class='ocrx_word' id='word_1_236' title='bbox 1084 3237 1113 3298; x_wconf 90' lang='lat' dir='ltr'><strong>ei</strong></span> <span class='ocrx_word' id='word_1_237' title='bbox 1135 3239 1249 3300; x_wconf 87' lang='lat' dir='ltr'><strong>sororis</strong></span> 
     </span>
     <span class='ocr_line' id='line_1_29' title="bbox 194 3339 1248 3422; baseline 0.006 -24"><span class='ocrx_word' id='word_1_238' title='bbox 194 3339 297 3399; x_wconf 87' lang='lat' dir='ltr'><strong>visum</strong></span> <span class='ocrx_word' id='word_1_239' title='bbox 313 3339 424 3416; x_wconf 92' lang='lat' dir='ltr'><strong>suique</strong></span> <span class='ocrx_word' id='word_1_240' title='bbox 438 3340 539 3417; x_wconf 91' lang='lat' dir='ltr'><strong>ipsam</strong></span> <span class='ocrx_word' id='word_1_241' title='bbox 562 3341 645 3400; x_wconf 87' lang='lat' dir='ltr'><strong>malo</strong></span> <span class='ocrx_word' id='word_1_242' title='bbox 666 3339 804 3416; x_wconf 89' lang='lat' dir='ltr'><strong>arbitrio,</strong></span> <span class='ocrx_word' id='word_1_243' title='bbox 821 3359 882 3418; x_wconf 92' lang='lat' dir='ltr'><strong>quo</strong></span> <span class='ocrx_word' id='word_1_244' title='bbox 904 3359 922 3400; x_wconf 91' lang='lat' dir='ltr'><strong>a</strong></span> <span class='ocrx_word' id='word_1_245' title='bbox 941 3341 1094 3419; x_wconf 87' lang='lat' dir='ltr'><strong>proximis</strong></span> <span class='ocrx_word' id='word_1_246' title='bbox 1115 3343 1248 3422; x_wconf 89' lang='lat' dir='ltr'><strong>quisque</strong></span> 
     </span>
     <span class='ocr_line' id='line_1_30' title="bbox 193 3444 1250 3524; baseline 0.006 -22"><span class='ocrx_word' id='word_1_247' title='bbox 193 3444 324 3504; x_wconf 91' lang='lat' dir='ltr'><strong>minime</strong></span> <span class='ocrx_word' id='word_1_248' title='bbox 339 3445 453 3504; x_wconf 89' lang='lat' dir='ltr'><strong>anteiri</strong></span> <span class='ocrx_word' id='word_1_249' title='bbox 467 3444 546 3520; x_wconf 84' lang='lat' dir='ltr'><strong>vult,</strong></span> <span class='ocrx_word' id='word_1_250' title='bbox 560 3445 761 3524; x_wconf 90' lang='lat' dir='ltr'><strong>paenituisse.</strong></span> <span class='ocrx_word' id='word_1_251' title='bbox 805 3445 977 3507; x_wconf 79' lang='lat' dir='ltr'><strong>Confusam</strong></span> <span class='ocrx_word' id='word_1_252' title='bbox 992 3467 1061 3508; x_wconf 90' lang='lat' dir='ltr'><strong>eam</strong></span> <span class='ocrx_word' id='word_1_253' title='bbox 1076 3467 1115 3507; x_wconf 84' lang='lat' dir='ltr'><strong>ex</strong></span> <span class='ocrx_word' id='word_1_254' title='bbox 1130 3449 1250 3509; x_wconf 87' lang='lat' dir='ltr'><strong>recenti</strong></span> 
     </span>
     <span class='ocr_line' id='line_1_31' title="bbox 194 3549 1299 3629; baseline 0.004 -19"><span class='ocrx_word' id='word_1_255' title='bbox 194 3568 300 3611; x_wconf 91' lang='lat' dir='ltr'><strong>morsu</strong></span> <span class='ocrx_word' id='word_1_256' title='bbox 321 3549 419 3610; x_wconf 88' lang='lat' dir='ltr'><strong>animi</strong></span> <span class='ocrx_word' id='word_1_257' title='bbox 436 3557 611 3629; x_wconf 87' lang='lat' dir='ltr'><strong>cumpater</strong></span> <span class='ocrx_word' id='word_1_258' title='bbox 629 3551 712 3610; x_wconf 85' lang='lat' dir='ltr'><strong>forte</strong></span> <span class='ocrx_word' id='word_1_259' title='bbox 731 3551 873 3626; x_wconf 88' lang='lat' dir='ltr'><strong>vidisset,</strong></span> <span class='ocrx_word' id='word_1_260' title='bbox 889 3558 1110 3629; x_wconf 87' lang='lat' dir='ltr'><strong>percunctatus</strong></span> <span class='ocrx_word' id='word_1_261' title='bbox 1131 3554 1250 3614; x_wconf 84' lang='lat' dir='ltr'><strong>“Satin</strong></span> <span class='ocrx_word' id='word_1_262' title='bbox 1270 3574 1299 3620; x_wconf 84' lang='lat' dir='ltr'><strong>ao</strong></span> 
     </span>
     <span class='ocr_line' id='line_1_32' title="bbox 195 3654 1250 3737; baseline 0.003 -22"><span class='ocrx_word' id='word_1_263' title='bbox 195 3654 301 3716; x_wconf 86' lang='lat' dir='ltr'><strong>salvae</strong></span> <span class='ocrx_word' id='word_1_264' title='bbox 311 3655 355 3716; x_wconf 83' lang='lat'><strong>?&#39;&#39;</strong></span> <span class='ocrx_word' id='word_1_265' title='bbox 371 3661 563 3716; x_wconf 87' lang='lat' dir='ltr'><strong>avertentem</strong></span> <span class='ocrx_word' id='word_1_266' title='bbox 582 3674 707 3716; x_wconf 90' lang='lat' dir='ltr'><strong>oausam</strong></span> <span class='ocrx_word' id='word_1_267' title='bbox 726 3656 852 3732; x_wconf 92' lang='lat' dir='ltr'><strong>doloris,</strong></span> <span class='ocrx_word' id='word_1_268' title='bbox 867 3655 986 3734; x_wconf 89' lang='lat' dir='ltr'><strong>quippe</strong></span> <span class='ocrx_word' id='word_1_269' title='bbox 999 3676 1057 3716; x_wconf 91' lang='lat' dir='ltr'><strong>nec</strong></span> <span class='ocrx_word' id='word_1_270' title='bbox 1071 3657 1148 3719; x_wconf 86' lang='lat' dir='ltr'><strong>satis</strong></span> <span class='ocrx_word' id='word_1_271' title='bbox 1164 3659 1250 3737; x_wconf 90' lang='lat' dir='ltr'><strong>piam</strong></span> 
     </span>
     <span class='ocr_line' id='line_1_33' title="bbox 194 3761 1250 3838; baseline 0.001 -17"><span class='ocrx_word' id='word_1_272' title='bbox 194 3761 346 3821; x_wconf 83' lang='lat' dir='ltr'><strong>advorsus</strong></span> <span class='ocrx_word' id='word_1_273' title='bbox 361 3779 497 3821; x_wconf 87' lang='lat' dir='ltr'><strong>sororem</strong></span> <span class='ocrx_word' id='word_1_274' title='bbox 507 3779 564 3820; x_wconf 90' lang='lat' dir='ltr'><strong>nec</strong></span> <span class='ocrx_word' id='word_1_275' title='bbox 576 3761 745 3821; x_wconf 87' lang='lat' dir='ltr'><strong>admodum</strong></span> <span class='ocrx_word' id='word_1_276' title='bbox 755 3762 790 3820; x_wconf 89' lang='lat' dir='ltr'><strong>iu</strong></span> <span class='ocrx_word' id='word_1_277' title='bbox 801 3761 903 3820; x_wconf 90' lang='lat' dir='ltr'><strong>virum</strong></span> <span class='ocrx_word' id='word_1_278' title='bbox 915 3761 1129 3838; x_wconf 81' lang='lat' dir='ltr'><strong>honorificam,</strong></span> <span class='ocrx_word' id='word_1_279' title='bbox 1141 3764 1250 3823; x_wconf 87' lang='lat' dir='ltr'><strong>elicuit</strong></span> 
     </span>
    </p>
   </div>
   <div class='ocr_carea' id='block_1_3' title="bbox 0 0 1524 4278">
    <p class='ocr_par' dir='ltr' id='par_1_4' title="bbox 0 0 1524 4278">
     <span class='ocr_line' id='line_1_34' title="bbox 0 0 1524 4278; baseline 0 0"><span class='ocrx_word' id='word_1_280' title='bbox 0 0 1524 4278; x_wconf 95' lang='lat' dir='ltr'><strong> </strong></span> 
     </span>
    </p>
   </div>
  </div>
 </body>
</html>
