3058 4284
542 305 727 385 61611666
751 303 933 360 11111666
1197 291 1263 360 147

210 496 307 556 prope
330 478 457 538 modum
478 476 587 537 videor
611 494 650 536 ex
674 477 816 538 Caesaris
836 476 954 537 litteris
976 477 1078 555 ipsius
1100 457 1263 537 voluntate

210 583 315 643 facere
329 601 420 661 posse
438 581 493 660 qui
515 587 609 658 negat
630 600 732 659 neque
754 581 916 642 honestius
937 600 1039 659 neque
1060 581 1162 642 tutius
1184 581 1264 641 mihi

210 674 376 766 quicquain
401 705 468 747 esse
491 706 585 764 quarn
606 687 645 746 ab
666 685 752 746 omni
773 687 966 746 contentioni
990 688 1108 748 abesse.
1150 687 1261 746 Dices:

211 793 294 855 ‘Ubi
309 791 364 852 ille
378 811 452 868 ergo
466 798 539 852 tuus
554 791 677 852 animus
692 810 784 869 quem
799 791 950 869 proximis
961 790 1120 852 litteris?’
1162 792 1264 852 Adest
1368 869 1374 881 ἱ

210 903 242 958 61
265 898 350 958 idem
375 904 440 972 est3
471 899 526 958 sed
550 897 671 957 utinam
697 915 766 956 meo
790 895 890 956 solum
918 897 1021 974 capite
1046 898 1261 957 decernerem!
1281 915 1296 960 t

209 1003 371 1063 Lacrimae
385 1021 524 1062 meorum
539 1020 588 1061 me
603 1001 762 1061 interdum
784 1000 931 1060 molliunt
951 1001 1144 1079 precantium
1167 1009 1204 1062 ut
1224 1003 1263 1062 de

210 1107 375 1185 Hispaniis
391 1113 616 1184 exspectemus.
660 1108 703 1165 M.
721 1105 808 1166 (laeli
831 1105 958 1182 quidem
980 1106 1148 1184 epistulam
1170 1107 1263 1184 scrip

209 1217 274 1271 tam
290 1211 521 1286 miserabiliter,
537 1231 607 1272 curn
622 1210 680 1270 hoo
694 1211 777 1270 idem
793 1211 969 1271 obsecraret
986 1216 1022 1270 ut
1040 1217 1261 1289 exspectarem,

208 1335 248 1375 ne
275 1316 421 1376 fortunas
443 1335 537 1391 meas,
559 1335 599 1376 ne
620 1315 745 1376 unicum
768 1315 879 1390 filium,
901 1335 940 1375 ne
962 1335 1047 1376 meos
1068 1335 1176 1378 omnes
1197 1323 1261 1377 tarn

208 1427 326 1480 temere
341 1422 513 1499 proderem,
528 1440 591 1480 non
606 1421 674 1480 sine
689 1440 802 1498 magno
823 1420 900 1480 fletu
920 1420 1064 1498 legerunt
1085 1421 1174 1500 pueri
1195 1441 1264 1482 nos·
1282 1439 1312 1484 10

208 1525 259 1584 tri.
303 1527 374 1586 Etsi
389 1544 477 1586 meus
491 1526 618 1604 quidem
634 1532 682 1586 est
702 1526 815 1586 fortior
836 1545 934 1604 eoque
955 1527 1025 1605 ipso
1046 1526 1262 1587 vehementius

208 1636 383 1691 commovet
396 1649 454 1691 neo
468 1631 637 1709 quicquam
650 1631 714 1691 nisi
729 1631 767 1690 de
782 1630 964 1706 dignatione
979 1630 1107 1692 laborat.

248 1734 394 1795 Melitam
413 1735 521 1810 igitur,
541 1735 656 1796 deinde
677 1754 740 1813 quo
760 1735 928 1796 videbitur.
972 1738 1022 1796 Tu
1041 1743 1146 1797 tamen
1167 1737 1260 1799 etiam

208 1859 291 1900 nuuc
307 1840 386 1898 mihi
400 1841 523 1917 aliquid
538 1839 715 1900 litterarum
731 1846 763 1900 et
778 1840 913 1900 maxime
928 1841 955 1902 si
970 1840 1048 1919 quid
1062 1842 1102 1902 ab
1118 1842 1261 1904 Afranio.

208 1945 284 2021 Ego,
300 1944 406 2005 61611111
421 1945 561 2004 Antonio
575 1945 699 2005 locutus
714 1963 777 2020 ero,
796 1946 928 2006 scribam
946 1947 986 2005 ad
1007 1952 1039 2006 te
1060 1947 1137 2023 quid
1158 1952 1262 2007 actum
1282 1961 1311 2008 11

208 2049 258 2109 611.
301 2050 365 2109 Ero
385 2054 491 2109 tamen
512 2050 546 2108 in
566 2042 729 2125 credendo,
745 2056 781 2109 ut
795 2069 912 2124 mones,
927 2056 1055 2126 cautus3
1077 2069 1150 2110 nam
1164 2052 1260 2111 occul-

207 2154 298 2214 tandi
312 2154 395 2214 ratic
409 2173 479 2214 cum
494 2153 632 2214 difficilis
642 2160 711 2214 tum
724 2155 820 2215 etiarn
833 2155 1007 2232 periculosa
1018 2161 1075 2216 est.
1118 2157 1262 2216 Servium

208 2265 354 2336 exspecto
370 2260 410 2318 ad
424 2260 532 2320 Nonas
548 2264 579 2320 et
594 2259 694 2335 adigit
711 2260 757 2320 ita
777 2260 942 2320 Postumia
963 2266 995 2320 61
1016 2261 1144 2320 Servius
1165 2261 1260 2322 filius.

207 2363 398 2434 Quartanam
414 2363 563 2424 leviorem
585 2383 653 2424 6666
674 2365 802 2440 gaudeo.
846 2363 923 2425 Misi
944 2365 984 2424 ad
1005 2370 1037 2426 te
1058 2365 1145 2426 (laeli
1166 2365 1261 2426 etiarn

207 2467 386 2528 litterarum
402 2468 589 2547 exemplum.
1281 2483 1311 2528 20

716 2646 756 2710 29

345 2807 416 2870 Ser.
435 2808 601 2870 Intimili
618 2807 692 2870 XV
704 2809 750 2870 K.
768 2810 859 2872 Mai.
879 2830 910 2872 o.
923 2809 1006 2875 ‘705
1026 2809 1115 2887 (49).

506 3016 509 3022 Ἰ
570 2952 683 3009 Caelius
702 2953 829 3011 ciceroni
847 2954 906 3010 Sal.

246 3089 455 3152 Exanimatus
470 3090 534 3150 tuis
547 3090 664 3152 litteris
676 3091 791 3168 quibus
805 3097 837 3151 te
851 3091 933 3151 nihil
947 3092 1009 3152 nisi
1020 3092 1113 3154 111616
1124 3093 1260 3169 cogitare

205 3193 376 3254 ostendisti
390 3213 491 3271 neque
506 3194 540 3254 id
554 3196 630 3272 quid
645 3201 728 3256 66661
743 3196 955 3274 perscripsisti
967 3216 1068 3276 neque
1082 3217 1145 3258 non
1156 3204 1260 3258 tamen

205 3297 299 3376 quale
314 3305 397 3359 esset
412 3301 496 3376 quod
510 3299 663 3374 cogitares
678 3300 839 3378 aperuisti,
855 3301 912 3362 has
928 3302 968 3362 ad
991 3308 1022 3361 te
1043 3302 1117 3363 ilico
1138 3302 1261 3364 litteras

205 3401 328 3482 scripsi.
372 3404 434 3463 Per
448 3405 592 3464 fortunas
607 3410 687 3479 tuas,
704 3405 821 3480 Cicero,
837 3425 893 3484 per
907 3405 1022 3468 liberos
1037 3413 1069 3467 te
1087 3427 1140 3468 oro
1160 3415 1192 3469 et
1213 3410 1262 3470 ob

206 3526 294 3569 secro
309 3527 348 3568 116
364 3510 441 3587 quid
456 3509 582 3586 gravius
598 3511 637 3570 de
652 3510 753 3571 salute
769 3519 802 3572 et
812 3513 1030 3574 incolumitate
1041 3520 1097 3574 tua
1107 3515 1260 3576 consulas.
1282 3533 1310 3577 25

205 3613 290 3673 Nam
306 3614 381 3675 deos
396 3614 601 3693 hominesque
621 3615 855 3694 amicitiamque
877 3624 1018 3679 nostram
1040 3619 1191 3680 testificor
1213 3639 1261 3680 me

205 3717 266 3778 tibi
282 3718 477 3800 praedixisse
491 3737 593 3799 neque
608 3726 725 3783 temere
740 3722 899 3784 monuisse
913 3724 977 3799 sed,
1000 3729 1167 3804 postquam
1189 3725 1261 3786 Cae
