3038 4278
510 311 716 368 SALLUST’S
739 311 936 368 CATILINE
1207 299 1250 366 75

411 558 550 610 Catilice'a
562 561 672 610 address
684 561 773 622 before
785 560 828 610 the
839 560 936 610 cloaca
948 561 1058 610 leaders.

237 691 385 766 Catilina,
409 691 463 750 ubi
487 710 539 751 eos
562 710 640 768 quos
665 691 759 769 paulo
781 697 853 751 ante
874 691 1046 752 memoravi
1068 692 1251 751 convenisse

198 797 293 872 videt,
313 796 441 856 tametsi
463 815 532 855 oum
557 795 690 872 singulis
713 796 814 856 multa
836 815 928 874 saepe
952 803 1066 873 egerat,
1089 797 1251 856 tamenin

198 921 262 961 rem
278 902 345 962 fore
354 902 484 962 credens
493 901 658 962 univorsos
668 902 827 979 appellare
842 908 874 962 et
888 901 1053 976 cohortari,
1063 902 1097 960 in
1111 901 1252 962 abditam

196 1013 316 1085 partem
340 1007 464 1067 aedium
490 1006 608 1066 secedit
629 1012 733 1084 atque¹
747 1007 792 1066 ibi
814 1007 959 1066 omnibus
976 1006 1114 1069 arbitris
1143 1007 1250 1084 procul

197 1113 310 1173 amotis
326 1113 498 1172 orationem
512 1112 729 1172 huiuscemodi
743 1111 869 1172 habuit:
1270 1127 1285 1171 o

239 1217 313 1276 “Ni
331 1217 432 1277 virtus
454 1217 595 1294 fidesque
615 1224 723 1277 vostra
745 1222 888 1294 spectata
908 1217 988 1276 mihi
1011 1217 1126 1292 forent,
1146 1218 1252 1294 nequi-

198 1341 292 1401 quam
313 1328 489 1401 opportuna
509 1341 559 1381 res
581 1322 764 1398 cecidisset;
787 1341 858 1400 spes
882 1341 1002 1397 magna,
1025 1322 1198 1381 dominatio
1218 1322 1250 1380 in

198 1428 342 1488 manibus
364 1428 485 1487 frustra
501 1426 650 1502 fuissent3
673 1445 774 1504 neque
789 1446 846 1502 ego
860 1446 915 1504 per
929 1426 1087 1503 ignaviam
1103 1432 1157 1487 aut
1172 1445 1253 1487 vana

198 1533 324 1609 ingenia
346 1531 466 1592 incerta
487 1551 544 1610 oro
567 1532 661 1592 certis
684 1539 852 1610 captarem.
906 1534 968 1593 Sed
990 1533 1065 1610 quia
1088 1532 1198 1592 multis
1220 1539 1252 1592 et

197 1638 320 1714 magnis
339 1638 581 1714 tempestatibus
599 1656 654 1696 vos
676 1638 808 1714 cognovi
830 1637 923 1698 fortis
946 1639 1087 1714 fidosque
1111 1637 1302 1713 mihi,eo1o

198 1744 321 1802 animus
346 1761 440 1803 ausus
460 1747 510 1822 est
529 1761 711 1802 maxumum
729 1748 825 1819 atque
850 1743 1103 1820 pulcherrumum
1128 1743 1251 1804 facinus

198 1847 344 1926 incipere,
360 1847 454 1907 simul
475 1847 551 1924 quia
564 1847 653 1908 vobis
675 1848 782 1907 eadem
805 1867 884 1924 quae
906 1848 985 1907 mihi
1006 1848 1087 1907 bona
1109 1848 1253 1924 malaque

198 1971 266 2014 esse
280 1951 441 2028 intellexi;
463 1971 538 2012 nam
559 1953 641 2012 idem
656 1953 738 2013 velle
752 1959 847 2030 atque
863 1953 944 2012 idem
967 1952 1061 2027 nolle,
1076 1971 1114 2012 ea
1127 1952 1252 2012 demum

198 2058 290 2118 firma
303 2058 443 2118 amicitia
456 2063 513 2118 est.
569 2105 571 2111 s

239 2163 329 2223 “Sed
348 2181 406 2239 ego
434 2181 514 2240 quae
536 2168 640 2223 mente
668 2163 787 2239 agitari
809 2183 915 2224 omnes
933 2165 995 2223 iam
1017 2173 1110 2225 antea
1134 2165 1253 2224 divorsi
1274 2179 1302 2223 15

112 2293 115 2303 ’
198 2266 342 2328 audistis.
386 2267 531 2327 Ceterum
554 2267 632 2326 mihi
653 2268 776 2356 indies
798 2268 898 2344 magis
918 2269 1041 2329 animus
1063 2271 1252 2345 accenditur,

198 2392 268 2433 cum
290 2371 455 2432 considero
477 2390 558 2449 quae
580 2372 723 2432 condicio
737 2373 823 2432 vitae
846 2373 955 2434 futura
972 2375 1023 2449 sit,
1046 2375 1110 2434 nisi
1131 2379 1254 2434 nosmet

198 2479 262 2556 ipsi
275 2477 473 2537 vindicamus
491 2477 524 2537 in
545 2477 732 2538 libertatem.
774 2479 859 2538 Nam
876 2484 1043 2556 postquam
1059 2499 1109 2539 res
1128 2479 1255 2558 publica

199 2583 233 2642 in
247 2601 416 2661 paucorum
427 2581 604 2660 potentium
616 2582 666 2642 ius
677 2589 772 2660 atque
787 2583 941 2642 dicionem
955 2584 1117 2660 concessit,
1132 2603 1254 2661 semper

200 2687 265 2748 illis
286 2705 383 2764 reges,
403 2686 580 2748 tetrarchae
597 2687 767 2764 vectigales
791 2707 868 2764 esse,
892 2688 1010 2767 populi,
1034 2690 1177 2749 nationes
1198 2689 1253 2750 sti-
1275 2703 1303 2748 eo

199 2793 315 2873 pendia
334 2793 488 2871 pendere3
511 2793 607 2852 ceteri
628 2811 745 2869 omaso,
766 2794 894 2869 strenui,
915 2793 997 2869 boni,
1019 2793 1139 2854 nobiles
1161 2801 1254 2871 atque

200 2898 364 2975 ignobiles,
392 2897 503 2974 volgus
526 2898 646 2958 fuimus
671 2898 738 2958 sine
767 2897 878 2973 gratia,
902 2899 969 2959 sine
991 2899 1186 2974 auctoritate,
1209 2899 1254 2960 eis

200 2991 328 3064 obnoxii
351 3002 475 3081 quibuS,
490 3002 519 3064 si
541 3022 591 3064 res
614 3003 741 3081 publica
766 3003 893 3077 valeret,
917 3003 1082 3062 formidini
1106 3022 1253 3064 essemus.

201 3110 316 3187 Itaque
329 3107 431 3168 omnis
445 3107 555 3184 gratia,
567 3108 718 3185 potentia,
728 3107 837 3183 honos,
847 3107 978 3168 divitiae
992 3107 1076 3186 apud
1093 3107 1165 3168 illos
1182 3114 1255 3168 sunt

200 3220 256 3275 aut
268 3205 324 3274 ubi
335 3211 520 3288 illivolunt;
541 3213 631 3274 nobis
646 3213 799 3291 reliquere
808 3212 955 3291 pericula,
965 3213 1115 3291 repulsas,
1128 3212 1254 3287 iudicia,
1275 3226 1303 3270 25

200 3324 381 3396 egestatem.
432 3318 518 3389 Quae
533 3337 694 3397 quousque
707 3320 834 3379 tandem
852 3318 1026 3397 patiemini,
1042 3338 1060 3378 o
1078 3318 1255 3378 fortissumi

201 3426 283 3486 viri?
325 3445 428 3487 nonne
456 3425 554 3486 emori
581 3444 636 3504 per
664 3425 815 3485 virtutem
847 3430 996 3502 praestat,
1027 3443 1119 3501 quam
1156 3423 1254 3512 vitam

201 3531 349 3592 miseram
371 3538 465 3608 atque
488 3530 696 3604 inhonestam,
711 3530 766 3590 nbi
789 3530 909 3590 alienae
932 3528 1095 3607 superbiae
1119 3527 1256 3588 ludibrio

202 3637 311 3713 fueris,
329 3655 385 3715 per
406 3637 539 3696 dedecus
558 3636 727 3696 amittere?
768 3637 885 3697 Verum
902 3635 1071 3710 enimverq
1086 3653 1143 3713 pro
1162 3634 1255 3693 deum

201 3749 297 3820 atque
319 3741 482 3802 hominum
507 3741 611 3817 fidem,
634 3741 767 3801 victoria
784 3741 817 3800 in
841 3759 935 3800 manu
957 3740 1047 3801 nobis
1071 3747 1135 3816 est;
1169 3739 1256 3815 viget
1274 3751 1303 3796 30
