3038 4278
472 361 601 420 urvr’s
625 360 775 418 11011111
800 358 980 417 arsroar
1210 344 1255 416 63

196 535 521 611 credebant-neque
557 533 641 593 enim
689 552 739 614 ne
769 532 819 592 his
855 532 983 609 quidem
1023 531 1254 592 cunctationem

196 645 362 716 aperuerat
390 657 494 698 suam:
517 644 593 698 tunc
621 637 794 697 mutatione
823 637 947 698 consilii
976 637 1081 697 subita
1107 654 1177 696 cum
1200 636 1255 696 alii

197 743 337 819 silerent,
349 743 467 804 Nasica
476 762 558 803 unus
570 761 609 802 ex
620 742 763 802 omnibus
779 761 874 802 ausus
886 748 935 801 est
950 759 1075 801 monere
1085 741 1253 816 consulem,

196 868 236 908 ne
260 849 384 908 hostem
413 848 609 908 ludificatum
637 847 758 924 priores
786 846 990 924 imperatores
1019 846 1170 923 fugiendo
1193 864 1255 906 cer·

196 960 302 1014 tamen
324 953 469 1014 manibus
484 953 657 1012 emitteret:
681 953 782 1012 vereri
803 971 842 1012 ne
857 957 947 1012 nocte
962 952 1062 1027 abeat,
1078 952 1254 1029 sequendus
1272 965 1288 1012 t

196 1059 334 1119 maximo
355 1059 460 1118 labore
480 1057 669 1135 ac'periculo
691 1058 724 1116 in
748 1057 862 1117 intima
876 1058 1079 1117 Macedoniae
1103 1057 1146 1118 sit
1170 1057 1255 1118 illae·

196 1181 322 1241 susque,
339 1164 421 1223 sicut
446 1163 602 1241 prioribus
623 1163 765 1238 ducibus,
780 1181 836 1240 per
853 1162 949 1223 calles
970 1163 1132 1240 saltusque
1154 1163 1255 1223 Mace-

196 1268 378 1327 donicorum
400 1269 554 1328 montium
575 1268 717 1344 vagando
731 1269 968 1342 circumagatur.
1013 1267 1052 1326 Se
1067 1286 1253 1345 magnopere

196 1373 336 1448 suadere,
351 1373 427 1432 dum
449 1373 481 1432 in
503 1392 612 1451 campo
626 1373 747 1451 patenti
768 1373 890 1432 hostem
914 1373 1037 1447 habeat,
1052 1373 1254 1448 adgrediatur

196 1495 253 1538 nec
263 1478 402 1538 oblatam
411 1479 603 1538 occasionem
615 1478 760 1537 vincendi
768 1478 902 1538 amittat.
933 1477 1050 1537 Consul
1064 1477 1146 1536 nihil
1161 1478 1255 1538 offen·
1275 1489 1303 1534 10

196 1601 250 1643 sus
278 1583 361 1644 libra
390 1583 605 1644 admonitione
634 1590 697 1643 tam
728 1583 806 1643 clari
836 1582 1043 1643 adolescentis
1076 1583 1143 1642 “Et
1172 1585 1254 1659 ego''

195 1688 310 1766 inquit,
326 1694 344 1725 “
353 1689 493 1748 animum
508 1689 604 1749 istum
618 1687 724 1764 habui,
738 1682 865 1762 Nasica,
880 1707 972 1765 quem
986 1693 1023 1747 tu
1043 1707 1126 1747 nunc
1140 1688 1253 1764 habes;

195 1799 228 1852 et
250 1813 341 1871 quem
365 1813 421 1869 ego
443 1813 525 1854 nunc
550 1794 659 1876 habeo,
674 1801 711 1853 tu
726 1793 864 1854 habebis.
910 1793 1023 1853 Multis
1038 1792 1113 1853 belli
1129 1794 1254 1854 casibus

196 1898 304 1974 didici,
331 1898 456 1976 quando
492 1899 704 1976 pugnandum,
741 1899 865 1976 quando
892 1898 1114 1958 abstinendum
1149 1918 1255 1977 pugna

196 2003 249 2064 sit.
282 2005 354 2063 Non
370 2023 481 2082 operas
510 2005 552 2064 sit
574 2004 673 2064 stanti
696 2022 779 2062 nunc
803 2003 836 2062 in
858 2003 923 2062 acie
946 2003 1055 2063 docere
1076 2004 1191 2081 quibus
1216 2005 1254 2063 de
1275 2013 1303 2058 15

195 2109 299 2168 causis
320 2109 414 2168 hodie
436 2109 562 2185 quiesse
583 2109 696 2168 melius
713 2108 763 2169 sit.
806 2107 957 2168 Rationes
982 2107 1061 2168 alias
1083 2109 1253 2186 reposcito:

196 2232 280 2272 nunc
298 2215 485 2273 auctoritate
507 2214 621 2274 veteris
641 2213 841 2291 imperatoris
859 2219 1025 2273 contentus
1044 2213 1134 2274 eris.”
1178 2214 1254 2274 Con·

197 2318 291 2378 ticuit
317 2318 516 2379 adolescens:
544 2319 630 2378 haud
657 2318 751 2378 dubie
772 2319 879 2378 videre
900 2318 1008 2395 aliqua
1028 2318 1255 2396 impedimenta

196 2443 320 2502 pugnae
341 2423 512 2500 consulem,
528 2443 608 2501 quae
631 2423 692 2484 sibi
714 2443 777 2483 non
796 2430 992 2501 apparerent.
1036 2422 1156 2484 Paulus
1173 2433 1256 2502 post·

196 2547 291 2605 quam
307 2534 425 2588 metata
439 2536 542 2589 castra
556 2528 844 2606 impedimentaque
859 2528 1010 2588 collocata
1020 2529 1254 2606 animadvertit,
1274 2537 1303 2582 2⁰

196 2652 237 2692 ex
250 2639 410 2711 postrema
431 2633 497 2693 acie
511 2634 637 2694 triarios
652 2633 769 2712 primos
786 2633 941 2708 subducit,
956 2633 1070 2693 deinde
1085 2635 1253 2714 principes,

197 2738 355 2799 stantibus
385 2738 418 2796 in
445 2739 548 2816 prima
575 2737 642 2798 acie
669 2738 804 2798 hastatis
827 2738 854 2798 si
879 2737 956 2815 quid
980 2738 1081 2799 hostis
1106 2747 1253 2816 moveret,

197 2849 356 2921 postremo
384 2842 535 2918 hastatos,
564 2844 603 2904 ab
631 2844 743 2903 dextro
771 2843 907 2920 primum
935 2863 1031 2903 cornu
1060 2844 1254 2920 singulorum

197 2947 351 3026 paulatim
375 2947 535 3023 signorum
556 2948 674 3009 milites
697 2948 893 3009 subtrahens.
936 2949 987 3009 Ita
1007 2949 1129 3027 pedites
1144 2950 1255 3028 equiti-

197 3054 255 3114 bus
280 3073 351 3112 cum
380 3052 443 3112 levi
469 3060 630 3114 armatura
657 3059 730 3114 ante
758 3053 856 3113 aciem
885 3053 971 3114 hosti
1005 3055 1159 3132 oppositis
1187 3056 1255 3115 sine
1274 3064 1303 3109 25

197 3157 337 3217 tumultu
359 3158 495 3234 abducti,
510 3177 568 3218 nec
589 3164 662 3218 ants
683 3177 777 3236 quam
793 3158 895 3237 prima
909 3159 997 3219 frons
1017 3159 1094 3220 valli
1116 3179 1152 3220 ac
1170 3160 1257 3221 fossa

197 3263 350 3341 perducta
364 3270 421 3338 est,
438 3282 477 3322 ex
491 3263 627 3324 statione
642 3264 765 3342 equites
780 3263 918 3323 revocati
933 3269 1015 3324 sunt.
1048 3265 1117 3324 Rex
1131 3284 1254 3342 quoque

198 3386 268 3426 cum
291 3368 359 3428 siue
380 3368 608 3429 detractatione
629 3374 757 3446 paratus
772 3387 911 3446 pugnare
931 3387 967 3428 eo
982 3367 1032 3428 die
1047 3369 1172 3446 fuisset,
1187 3389 1257 3430 con·
1319 3413 1320 3418 η

197 3476 305 3532 tentus
318 3473 402 3550 quod
413 3492 469 3550 per
483 3473 605 3534 hostem
622 3492 739 3534 moram
754 3473 853 3534 fuisse
869 3492 992 3551 pugnae
1004 3473 1129 3549 scirent,
1142 3481 1174 3534 et
1188 3477 1256 3555 ipse

114 3635 117 3638 .
198 3576 232 3634 in
247 3583 351 3638 castra
365 3579 471 3656 copias
486 3579 620 3640 reduxit.
1276 3588 1306 3633 ³0

240 3682 361 3744 Castris
379 3684 567 3760 permunitis
587 3685 620 3745 Ο.
638 3685 796 3762 Sulpicius
815 3684 926 3745 Gallus
948 3685 1095 3746 tribunus
1117 3686 1255 3748 militum

199 3788 353 3848 secundae
364 3787 507 3865 legionis,
519 3789 575 3866 qui
589 3796 714 3867 praetor
725 3789 884 3867 superiore
900 3808 982 3850 anno
995 3790 1109 3865 fuerat,
1120 3793 1257 3853 consulis
