3038 4278
492 286 621 342 LIVY’S
645 286 795 344 ROMAN
820 289 1000 346 HISTORY

394 487 487 553 Scipio
499 492 555 542 aad
566 491 711 543 Hannibal
722 499 752 544 ut
763 494 806 544 tte
818 501 895 546 court
906 496 940 558 os
947 494 1106 546 Antiochus.

255 619 418 698 Claudius,
435 628 560 683 secutus
575 624 710 684 Graecos
730 625 892 687 Acilianos
911 626 1016 702 libros,
1036 628 1071 686 P.
1087 613 1274 689 Africanum

214 723 249 784 in
263 744 300 786 ea
313 726 414 787 fuisse
429 727 584 802 legatione
598 730 697 790 tradit
715 749 847 809 eumque
861 732 980 810 Ephesi
995 731 1182 793 collocutum
1204 753 1274 794 cum

214 831 404 908 Hannibale,
432 838 465 892 et
498 853 670 894 sermonem
703 855 801 895 uuum
832 836 927 896 etiam
956 838 1067 897 refert:
1109 840 1274 916 quaerenti

213 935 376 1012 Africana
405 956 498 1016 quem
526 939 627 1000 fuisso
656 941 829 1000 maximum
860 942 1081 1020 imperatorem
1110 945 1273 1005 Hannibal

214 1041 362 1118 crederet,
378 1044 579 1121 respondisse
593 1045 810 1106 Alexandrum
831 1048 1039 1107 Macedonum
1059 1067 1173 1125 regem,
1187 1051 1273 1128 qnod
1292 1062 1306 1106 s

214 1165 313 1224 parva
346 1165 441 1208 manu
478 1148 723 1210 innumerabiles
759 1151 917 1211 exercitus
952 1152 1090 1213 fudisset
1128 1155 1272 1232 quodque

213 1251 343 1314 ultimas
357 1272 437 1328 oras,
453 1272 530 1331 quas
546 1254 648 1315 visere
663 1274 759 1332 snpra
780 1275 867 1333 spem
889 1255 1059 1317 humanam
1080 1264 1172 1334 esset,
1187 1277 1273 1337 pera-

214 1362 343 1433 grasset.
406 1358 575 1428 Quaerenti
615 1359 738 1435 deinde,
777 1379 869 1437 quem
916 1363 1086 1422 secundum
1131 1370 1270 1441 poneret,

213 1461 374 1540 Pyrrhum
394 1463 529 1539 dixisse,
552 1469 657 1524 castra
676 1465 789 1524 metari
810 1465 947 1543 primum
969 1467 1129 1544 docuisse;
1151 1469 1192 1528 ad
1214 1468 1271 1529 hoo

213 1567 372 1627 nominem
400 1569 576 1644 elegantius
612 1568 681 1629 loca
713 1569 842 1647 cepisse,
872 1572 1030 1648 praesidia
1058 1573 1321 1651 disposuisse310

213 1678 314 1732 artem
342 1673 437 1732 etiam
464 1669 654 1734 conciliandi
682 1674 743 1734 sibi
779 1675 922 1737 homines
951 1695 1021 1736 eam
1047 1677 1206 1754 habuisse,
1234 1685 1271 1739 nt

213 1778 346 1838 Italicae
368 1783 477 1854 gentes
498 1779 581 1854 regis
596 1778 719 1838 externi
740 1798 835 1857 quam
850 1780 960 1859 populi
975 1781 1120 1858 Romani,
1134 1787 1199 1842 tam
1215 1784 1270 1843 diu

213 1883 367 1961 principis
388 1868 422 1942 in
443 1901 481 1942 ea
493 1889 587 1958 terra,
602 1883 770 1962 imperium
793 1903 861 1944 esse
882 1885 1022 1946 mallent.
1065 1888 1269 1965 Exsequenti,

213 2006 307 2064 quem
328 1988 459 2047 tertium
482 1989 617 2064 duceret,
640 1989 725 2049 haud
756 1990 849 2050 dubie
881 1997 979 2050 semet
1006 1991 1110 2069 ipsum
1141 1993 1269 2053 dixisse.

213 2092 294 2151 Tum
314 2092 413 2152 risum
440 2093 582 2153 obortum
606 2094 754 2172 Scipioni,
777 2100 809 2154 et
831 2095 1000 2156 subiecisse
1023 2096 1207 2167 “Quidnam
1235 2105 1271 2158 tn
1291 2114 1319 2158 15

212 2197 341 2272 diceres,
355 2197 384 2257 si
402 2216 452 2257 me
468 2198 599 2259 vicisses
610 2199 650 2258 ?''
688 2200 795 2258 “Tum
807 2218 880 2258 vero
894 2200 971 2258 me”
990 2200 1104 2279 inquit,
1121 2207 1180 2262 “et
1198 2208 1270 2262 ante

212 2301 430 2362 Alexandrum
445 2309 565 2363 etanta
581 2304 739 2382 Pyrrhum
762 2311 888 2365 etanta
909 2304 989 2365 alios
1010 2325 1117 2367 omnes
1139 2307 1271 2385 impera

213 2412 296 2468 tores
319 2408 416 2468 esse.’'
457 2396 500 2467 Et
524 2408 709 2486 perplexum
729 2410 848 2470 Punico
865 2416 937 2469 astu
958 2429 1142 2488 responsum
1164 2417 1195 2471 et
1216 2412 1271 2472 im-

212 2511 374 2590 provisum
395 2513 624 2574 adsentationis
645 2533 743 2589 genus
773 2514 951 2592 Scipionem
980 2515 1125 2592 movisse,
1148 2517 1269 2594 quode

212 2634 304 2692 grege
320 2635 352 2677 se
366 2617 587 2695 imperatorem
602 2618 691 2677 velut
705 2618 969 2679 inaestimabilem
984 2620 1177 2682 secrevisset.
1288 2640 1319 2686 ao

437 2832 585 2884 Oboruotcr
596 2835 651 2884 aad
663 2835 817 2897 censorsbip
830 2836 862 2898 os
874 2835 941 2886 Octo
953 2835 1050 2897 Maior.

252 2964 315 3025 His
341 2965 478 3026 comitiis
504 2966 674 3043 prudentia
698 2972 732 3026 et
752 2967 871 3027 virtute
891 2972 1019 3028 senatus
1041 2967 1183 3043 sublatis,
1207 2969 1269 3030 alia

213 3068 341 3130 maioris
368 3070 559 3146 certaminis,
581 3091 643 3150 qno
671 3078 703 3133 et
724 3072 840 3133 maiore
870 3073 909 3132 de
937 3091 970 3132 re
991 3078 1024 3133 et
1051 3072 1134 3132 inter
1161 3073 1267 3151 plures

212 3175 466 3252 potentioresque
487 3176 581 3252 viros,
603 3183 678 3237 sunt
699 3183 814 3238 exorta
858 3177 1028 3238 Censuram
1058 3197 1180 3238 summa
1200 3198 1269 3239 oon-

212 3279 353 3339 tsntione
377 3281 527 3358 petebant
549 3282 587 3341 L.
611 3282 756 3342 Valerius
785 3283 916 3343 Flaccus
939 3284 974 3342 P.
997 3289 1030 3342 et
1045 3284 1080 3341 L.
1105 3283 1268 3361 Scipiones

212 3385 269 3446 On.
284 3385 425 3446 Manlius
435 3387 535 3448 Vulso
547 3388 582 3449 L.
594 3388 709 3448 Furius
720 3389 875 3466 Purpurio
884 3389 1019 3466 patricii,
1032 3389 1147 3467 plebeii
1162 3395 1267 3450 autem
1287 3407 1316 3452 25

213 3491 257 3550 M.
292 3491 424 3554 Porcius
452 3493 530 3554 Cato
562 3495 606 3552 M.
636 3493 768 3555 Fulvius
798 3495 945 3555 Nobilior
973 3496 1020 3555 Ti.
1050 3501 1082 3555 et
1110 3497 1154 3554 M.
1184 3495 1268 3555 Sem·

212 3595 326 3673 pronii,
338 3597 464 3674 Longus
479 3604 511 3659 et
525 3599 711 3660 Tuditanus.
756 3600 817 3660 Sed
831 3620 937 3661 omnes
952 3600 1101 3679 patricios
1115 3599 1268 3679 plebeios·

213 3720 273 3780 que
294 3702 561 3766 nobilissimarum
583 3705 777 3766 familiarum
792 3707 835 3766 M.
851 3707 982 3766 Porcius
1003 3706 1094 3781 longe
1116 3705 1265 3767 anteibat.
