3038 4278
394 871 577 978 laun
626 871 1029 978 SELECTIONS

581 1157 709 1236 PART
744 1157 850 1238 ΟΝΕ

621 1353 704 1410 rm
728 1353 810 1409 LIVI

458 1491 510 1548 ΑΒ
534 1490 641 1548 URBE
666 1490 833 1548 CONDITA
856 1491 964 1548 LIBRI

78 1699 81 1706 .
186 1660 342 1723 Repentino
360 1660 392 1721 os
407 1660 449 1710 tlte
467 1659 607 1722 cannoto.
643 1660 797 1722 Eupolemo
815 1660 847 1721 os
860 1660 903 1710 the
924 1659 1058 1722 Tarpeiae
1074 1661 1130 1710 aad
1146 1661 1240 1723 eorme-

310 1743 402 1792 oeticn
414 1743 447 1805 os
455 1743 524 1793 their
531 1748 666 1804 property.
703 1743 780 1792 Plotr
792 1744 841 1804 sor
853 1742 923 1792 their
934 1745 1105 1793 restoration.

227 1903 335 1963 Liberi
372 1903 435 1963 iam
471 1903 545 1963 hinc
580 1903 690 1982 populi
726 1903 862 1964 Romani
898 1922 948 1964 res
984 1923 1060 1982 pace
1096 1904 1241 1984 belloque

187 2013 301 2085 gestas,
330 2027 450 2068 annuos
478 2007 682 2084 magistratus
708 2008 901 2086 imperiaque
930 2008 1034 2085 legum
1064 2010 1242 2087 potentiora

187 2132 281 2191 quam
304 2112 468 2172 hominum
488 2132 644 2190 peragam.
687 2114 772 2184 Quae
800 2113 930 2174 libertas
955 2120 991 2174 ut
1014 2114 1127 2174 laetior
1148 2121 1240 2190 esset,

186 2216 332 2295 proxumi
347 2217 430 2293 regis
446 2218 592 2296 superbia
605 2219 747 2304 fecerat
777 2219 994 2322 Nffiwffflles
1008 2219 1053 2279 ita
1061 2226 1240 2296 regnarunt,

186 2329 222 2382 ut
244 2323 330 2383 haud
354 2323 501 2382 inmerito
523 2342 629 2384 omnes
644 2281 792 2402 &ababa
808 2283 984 2384 cbnditcre's
1003 2325 1141 2402 partium
1158 2331 1242 2386 certe
1261 2339 1276 2385 c

185 2428 282 2502 urbia,
299 2447 380 2506 quae
394 2447 492 2488 novas
513 2428 576 2506 ipsi
598 2429 687 2488 sedes
702 2429 741 2488 ab
755 2447 789 2489 se
803 2435 913 2488 auctae
927 2428 1143 2490 multitudinis
1158 2431 1242 2490 addi-

186 2533 310 2608 derunt,
325 2539 539 2592 numerentur.
582 2533 693 2611 Neque
715 2533 894 2642 {mbigitun
909 2533 988 2612 quin
1007 2535 1126 2594 Brutus
1148 2534 1241 2612 idem,

833 2614 836 2625 ⁴
846 2611 853 2635 s

83 2659 88 2676 =
185 2641 240 2715 qui
265 2643 392 2697 tantum
418 2623 536 2712 gloriae
564 2638 704 2716 Superbo
729 2620 837 2699 cincto
862 2658 934 2716 rege
958 2639 1082 2715 meruit}
1106 2640 1242 2717 pessimo

185 2743 313 2820 publico
335 2743 369 2802 id
390 2743 531 2804 fecturus
548 2715 676 2834 fueriti
671 2744 699 2804 si
719 2744 876 2826 libertatis
897 2745 1073 2804 inmaturae
1094 2745 1242 2824 cupidine

180 2848 325 2926 'priorum
349 2863 457 2925 regum
480 2848 575 2908 alicui
591 2828 727 2935 ‘regnum
749 2836 954 2936 extorsisset.¹
985 2849 1067 2921 Quid
1090 2850 1173 2909 enim
1196 2851 1243 2910 fu·
1262 2863 1290 2910 10

185 2959 293 3012 turum
308 2953 380 3028 fuit,
394 2949 421 3013 si
436 2953 493 3013 ille
507 2959 668 3030 pastorum
683 2973 953 3032 convenarumque
967 2955 1065 3031 plebs,
1077 2956 1243 3032 transfuga

185 3076 224 3116 ex
246 3057 313 3118 suis
335 3057 470 3136 populis,
486 3059 545 3118 sub
565 3058 666 3118 tutela
685 3059 831 3119 inviolati
853 3059 965 3138 templi
986 3066 1040 3120 aut
1063 3059 1242 3120 libertatem

184 3168 241 3222 aut
267 3169 351 3222 certe
378 3162 590 3240 inpunitatem
619 3164 741 3241 adepte,
767 3164 870 3224 soluta
893 3149 980 3240 regio
1007 3171 1102 3239 metu,
1129 3165 1242 3242 agitari

184 3273 295 3345 coepta
323 3274 407 3328 esset
435 3269 614 3328 tribuniciis
643 3268 789 3347 procellis
817 3278 850 3330 et
877 3269 911 3328 in
938 3269 1041 3330 aliena
1067 3271 1144 3330 urbe
1172 3289 1242 3329 cum

184 3372 329 3450 patribus
351 3391 452 3433 serere
473 3375 653 3449 certamina,
668 3375 851 3453 priusquam
873 3376 1004 3453 pignera
1024 3375 1191 3450 coniugum
1207 3394 1242 3435 ac
1261 3389 1290 3436 15

184 3477 355 3538 liberorum
374 3479 550 3557 caritasque
572 3479 672 3558 ipsius
695 3472 829 3556 soli-cui
850 3479 943 3556 longo
964 3487 1103 3558 tempore
1118 3481 1242 3542 adsues-

184 3581 275 3658 citnr,
291 3583 413 3644 animos
429 3603 534 3644 eorum
554 3585 788 3647 consociasset?
830 3586 1010 3665 Dissipatae
1032 3607 1081 3648 res
1102 3587 1240 3647 nondum
1308 3597 1310 3607 '

184 3688 312 3750 adultae
323 3689 480 3750 discordia
494 3692 615 3768 forent3
637 3711 714 3770 quas
730 3692 813 3753 fovit
825 3693 999 3771 tranquilla
1008 3693 1179 3753 moderatio
1188 3693 1243 3752 im-

183 3792 273 3871 perii,
289 3812 387 3873 eoque
402 3795 570 3856 nutriendo
590 3797 748 3874 perduxit,
763 3803 799 3857 ut
819 3797 933 3858 bonam
947 3798 1071 3876 frugem
1085 3798 1242 3862 libertatis

708 3901 723 3956 1
