3058 4284
553 309 738 366 cronno’s
761 308 944 364 currens
1207 294 1273 362 135

219 479 391 555 offendisti,
408 480 462 558 qui
477 479 536 540 tibi
551 479 640 539 risus
655 478 697 539 sit
711 484 743 538 et
758 497 852 556 qnam
873 477 1045 538 orationem
1065 476 1211 538 habuerit
1231 482 1274 537 te·

220 604 290 645 cum
300 604 455 664 quamque
465 583 639 646 ostenderit
648 584 841 644 voluntatem
854 582 949 662 (solet
963 583 1045 643 enirn
1060 583 1147 644 aliud
1157 581 1273 644 sentire

219 698 252 751 et
272 691 359 769 loqui
381 709 482 768 neque
503 695 627 750 tantum
648 689 753 750 valere
766 688 893 765 ingenio
907 694 942 748 ut
956 707 1018 748 non
1032 695 1182 766 appareat
1197 687 1274 765 quid

219 796 340 876 cupiat)
354 796 406 856 fac
425 795 505 854 milri
527 795 710 873 perscribas.
752 795 842 865 Quod
863 795 903 854 ad
924 795 1099 869 Caesarem,
1120 793 1221 853 crebri
1242 799 1274 852 et

219 921 281 961 non
296 901 372 961 belli
387 901 426 961 de
440 919 476 960 eo
491 919 630 960 rumores
646 900 702 960 sed
724 907 934 960 susurratores
948 899 1115 960 dumtaxat
1132 897 1272 958 veniunt.
1293 914 1308 960 c

219 1005 314 1066 Alius
342 1005 479 1084 equitem
501 979 684 1083 perdidisse,
706 1005 799 1088 quod,
828 1004 947 1082 opinor,
968 1009 1052 1065 certe
1073 1003 1192 1063 factum
1215 1007 1272 1077 est,

219 1110 299 1171 alius
315 1111 482 1188 septimam
497 1109 650 1186 legionem
674 1110 849 1187 vapulasse,
865 1109 969 1188 ipsum
990 1109 1073 1186 apud
1089 1108 1272 1168 Bellovacos

220 1215 439 1276 circumsederi
454 1214 657 1274 interclusum
674 1215 714 1274 ab
735 1213 856 1292 reliquo
877 1214 1033 1290 exercitu3
1055 1232 1156 1291 neque
1171 1213 1274 1274 adhuc

219 1319 298 1380 certi
312 1320 479 1399 quicquam
492 1325 541 1378 est
555 1337 657 1396 neque
668 1318 745 1379 haec
755 1319 874 1379 incerta
884 1325 990 1398 tamen
1002 1319 1096 1393 vulgo
1108 1318 1273 1392 iactantur,

220 1426 275 1486 sed
289 1425 373 1485 inter
388 1444 503 1504 paucos
524 1443 602 1502 quos
624 1430 659 1484 tu
671 1424 755 1485 nosti
769 1424 874 1502 palam
895 1429 1014 1484 secreto
1034 1430 1218 1498 narrantum
1241 1427 1273 1482 at
1293 1439 1322 1484 10

220 1531 387 1606 Domitius,
399 1549 471 1590 cum
485 1548 595 1590 manus
607 1529 646 1590 ad
662 1549 696 1590 os
711 1529 865 1608 apposuit.
908 1530 952 1589 Te
967 1547 993 1588 a
1010 1529 1038 1588 d.
1051 1547 1130 1588 v1111
1145 1529 1186 1588 K.
1203 1528 1272 1587 Iun.

220 1636 414 1697 subrostrani
437 1636 535 1714 (quod
556 1635 684 1695 illorum
705 1634 802 1713 capiti
826 1635 869 1696 sit
879 1637 900 1715 l)
924 1634 1119 1711 dissiparant
1145 1632 1271 1711 perisse.

221 1741 307 1802 Urbe
329 1760 365 1801 ac
385 1741 455 1801 foro
469 1747 536 1802 toto
550 1740 706 1801 maximus
727 1759 832 1800 rumor
852 1740 916 1800 fuit
930 1745 962 1800 te
983 1760 1002 1800 a
1022 1740 1058 1810 Q.
1075 1739 1225 1817 Pompeio
1239 1738 1273 1797 in

220 1846 333 1906 itinere
348 1846 491 1906 occisum.
536 1848 604 1923 Ego
624 1846 679 1925 qui
701 1845 812 1906 scirem
833 1847 867 1917 Q.
883 1845 1065 1923 Pompeium
1090 1844 1199 1905 Baulis
1214 1863 1274 1904 em-

219 1952 413 2011 baeneticam
428 1952 531 2011 facere
546 1957 578 2012 et
592 1970 691 2030 usque
705 1969 743 2011 eo
756 1957 792 2011 ut
810 1969 868 2026 ego
881 1951 1044 2010 misererer
1063 1950 1130 2010 eius
1144 1949 1273 2024 esurire,
1295 1968 1323 2013 15

219 2076 281 2117 non
311 2076 379 2117 sum
402 2063 574 2118 commotus
597 2063 630 2116 et
648 2057 707 2116 hoc
729 2055 900 2131 mendaci0,
921 2055 949 2116 si
969 2075 1033 2134 qua
1053 2055 1193 2133 pericula
1212 2055 1273 2116 tibi

220 2162 436 2240 inpenderent,
467 2167 504 2222 ut
539 2161 781 2238 defungeremur
815 2161 931 2238 optavi.
974 2161 1110 2220 Plancus
1145 2160 1273 2238 quidem

219 2273 293 2327 tuus
308 2268 477 2327 Ravennae
489 2273 537 2327 est
548 2273 580 2326 et
591 2285 703 2342 magno
717 2265 875 2342 congiario
890 2266 1023 2326 donatus
1039 2284 1058 2325 a
1072 2266 1202 2326 Caesare
1216 2284 1273 2325 nec

219 2372 331 2434 beatus
352 2391 409 2432 nec
430 2372 507 2433 bene
528 2372 701 2434 instructus
723 2377 780 2432 est.
822 2370 884 2430 Tui
898 2370 1021 2449 politici
1041 2369 1115 2431 libri
1130 2369 1273 2432 omnibus

219 2478 336 2554 vigent.
470 2517 474 2524 -
1292 2492 1322 2538 20

728 2660 765 2723 1⁷

254 2823 326 2886 Ser.
344 2822 480 2885 Rornae
496 2840 547 2884 cro.
567 2840 615 2884 m.
634 2821 718 2900 Apr.
738 2825 805 2884 ont
821 2822 871 2883 in.
890 2821 979 2884 Mais
999 2840 1031 2883 o.
1052 2819 1127 2898 704
1148 2820 1236 2886 (50).

595 2968 709 3026 casum
726 2968 851 3024 Ciceroni
869 2967 898 3023 S.

260 3107 357 3177 Quam
374 3106 437 3166 cito
452 3111 485 3166 tu
509 3105 603 3165 istinc
625 3105 774 3166 decedere
795 3105 902 3182 cupias
922 3105 1044 3180 nesei03
1067 3124 1125 3182 ego
1145 3104 1272 3182 quidem

219 3230 257 3272 eo
271 3211 370 3286 magis
386 3229 448 3288 quo
462 3211 564 3270 adhuc
584 3209 711 3270 felicius
732 3227 783 3270 res
803 3209 939 3286 gessisti,
962 3210 1036 3269 dum
1057 3209 1129 3270 istic
1147 3209 1218 3285 eris,
1235 3210 1272 3268 de

219 3316 296 3378 belli
311 3315 454 3376 Parthici
469 3314 608 3392 periculo
622 3313 783 3374 cruciabor
794 3334 834 3375 ne
847 3314 930 3374 hunc
944 3315 1043 3375 risum
1054 3299 1158 3374 meum
1170 3320 1273 3375 metus

219 3421 320 3500 aliqui
341 3421 512 3498 perturbet.
555 3420 719 3480 Breviores
740 3421 799 3480 has
826 3420 948 3481 litteras
970 3421 1151 3498 properanti
1172 3419 1273 3498 publi-

219 3546 367 3588 canorum
389 3525 553 3586 tabellario
575 3524 678 3586 subito
694 3526 783 3602 dedi;
806 3533 859 3586 tuo
881 3525 994 3586 liberto
1011 3526 1154 3605 pluribus
1168 3525 1272 3586 verbis
1291 3541 1320 3586 25

220 3631 354 3710 scriptas
383 3631 484 3708 pridie
512 3630 667 3691 dederam.
711 3631 775 3690 Res
810 3636 914 3690 autem
941 3650 1040 3692 novae
1068 3631 1173 3692 nullae
1198 3649 1272 3691 sane

220 3736 410 3813 acciderunt,
420 3735 483 3797 nisi
493 3735 568 3796 haec
578 3735 625 3796 vis
636 3735 694 3796 tibi
706 3735 800 3797 scribi
815 3755 894 3815 quae
903 3742 986 3796 certe
995 3737 1063 3798 vis:
1086 3718 1272 3800 Cornificius
