3038 4278
261 315 304 382 14
589 321 713 378 LATIN
738 321 987 381 SELECTIONS

259 516 327 557 eam
342 495 506 575 pecuniam
520 493 631 555 confici
645 512 739 572 posse
753 493 816 554 nisi
826 493 946 555 tributo
959 495 1076 574 populo
1086 495 1233 556 indicto?
1261 495 1311 556 Ex

259 601 362 662 alieno
376 601 474 678 igitur
488 599 560 660 aliis
574 598 712 674 largitos.
755 599 867 676 Neque
881 599 925 674 id,
939 600 1064 661 etiamsi
1085 601 1181 660 ceteri
1196 601 1310 678 ferant,

260 726 406 788 passuros
426 725 487 780 eos,
502 704 617 784 quibus
638 704 702 764 iam
722 703 853 764 emerita
874 704 1033 783 stipendia
1054 711 1167 780 essent,
1183 704 1312 767 meliore

260 813 441 877 condicione
456 811 534 872 alios
556 809 702 884 militare,
717 829 810 888 quam
834 808 895 888 ipsi
917 809 1118 886 militassent,
1134 816 1166 871 et
1187 812 1311 872 eosdem

225 939 240 984 s
259 923 293 981 in
308 939 365 981 sua
379 915 539 997 stipendia
552 917 701 995 inpensas
715 916 829 976 fecisse
851 916 929 976 etin
944 915 1079 976 aliorum
1094 917 1205 976 facere.
1248 917 1312 978 His

259 1027 388 1086 vocibus
415 1028 581 1083 moverunt
603 1027 725 1100 partem
749 1021 859 1100 plebis.
916 1022 1079 1082 Postremo
1103 1021 1222 1082 indicto
1249 1022 1312 1082 iam

259 1133 379 1193 tributo
393 1129 558 1190 edixerunt
572 1128 669 1189 etiam
682 1127 802 1188 tribuni
816 1126 935 1188 auxilio
950 1145 983 1188 se
1002 1127 1135 1201 futuros,
1151 1127 1178 1188 si
1194 1129 1264 1206 quis
1279 1128 1312 1187 in

260 1236 396 1296 militare
411 1233 603 1312 stipendium
619 1231 774 1293 tributum
788 1252 851 1293 non
869 1231 1063 1293 contulisset.
1107 1234 1220 1294 Patres
1234 1233 1313 1294 bene

260 1346 402 1419 coeptam
410 1357 475 1399 rem
488 1343 722 1417 perseveranter
731 1338 829 1413 tueri;
852 1338 993 1398 conferre
1005 1337 1068 1415 ipsi
1080 1337 1175 1416 primi
1186 1343 1228 1413 et,
1238 1339 1315 1416 quia

213 1465 242 1510 10
260 1447 398 1506 nondum
408 1449 571 1520 argentum
584 1443 742 1519 signatum
757 1448 833 1518 erat,
843 1461 896 1504 aes
910 1461 1005 1518 grave
1019 1442 1170 1520 plaustris
1185 1443 1313 1520 quidam

261 1552 301 1611 ad
312 1550 466 1611 aerarium
479 1547 688 1608 convehentes
700 1547 870 1626 speciosam
885 1547 981 1608 etiam
995 1546 1205 1608 conlationem
1222 1548 1315 1608 facie-

260 1659 345 1716 bant.
386 1656 465 1717 Cum
475 1659 603 1715 senatus
612 1653 805 1714 summafide
814 1670 947 1713 excensu
956 1652 1152 1728 contulisset,
1162 1653 1314 1731 primores

261 1761 371 1840 plebis,
382 1760 535 1820 nobilium
544 1757 647 1832 amici,
656 1777 695 1818 ex
704 1758 865 1836 conposito
874 1758 1015 1818 conferre
1025 1757 1190 1835 incipiunt.
1231 1758 1315 1830 Quos

261 1887 328 1928 cum
346 1872 379 1926 et
397 1885 416 1926 a
434 1864 576 1943 patribus
595 1863 775 1924 conlaudari
797 1869 829 1924 et
845 1882 865 1923 a
881 1862 1012 1923 militari
1031 1868 1134 1924 aetate
1153 1868 1315 1942 tamquam

214 1989 242 2034 15
261 1974 358 2033 bonos
379 1971 464 2031 cives
486 1968 624 2048 conspici
641 1968 755 2045 vulgus
776 1967 938 2028 hominum
953 1967 1044 2043 vidit,
1060 1974 1188 2046 repente
1210 1975 1316 2047 spreto

261 2077 429 2138 tribunicio
444 2074 563 2136 auxilio
576 2080 734 2135 certamen
747 2073 929 2134 conferendi
942 2079 993 2134 est
1006 2079 1119 2134 ortum.

301 2185 345 2242 Et
358 2183 426 2259 lege
441 2181 564 2259 perlata
583 2180 623 2240 de
643 2179 811 2239 indicendo
831 2179 1018 2241 Veientibus
1039 2178 1123 2239 bello
1143 2178 1315 2240 exercitum

263 2307 376 2364 magna
389 2307 428 2347 ex
447 2291 536 2364 parte
551 2284 762 2345 voluntarium
778 2284 852 2344 novi
866 2283 987 2345 tribuni
1001 2283 1139 2345 militum
1159 2285 1316 2346 consulari

263 2398 418 2473 potestate
434 2391 528 2452 Veios
543 2391 668 2450 duxere.

639 2584 693 2635 th
705 2590 814 2648 capture
826 2585 859 2648 os
875 2584 940 2636 Veii.

216 2737 245 2782 20
305 2704 374 2764 Iam
403 2700 472 2762 ludi
507 2701 701 2777 Latinaeque
737 2699 930 2760 instauratae
958 2706 1056 2775 erant,
1087 2699 1151 2760 iam
1178 2718 1217 2761 ex
1246 2699 1316 2761 lacu

264 2810 388 2869 Albano
412 2826 495 2884 aqua
517 2805 633 2866 emissa
655 2805 689 2864 in
715 2824 815 2882 agros,
840 2805 998 2882 Veiosque
1022 2805 1091 2865 fata
1116 2806 1314 2883 adpetebant.

266 2915 368 2991 Igitur
381 2912 489 2973 fatalis
504 2913 568 2972 dux
583 2911 623 2971 ad
638 2910 793 2970 excidium
809 2909 896 2970 illius
912 2909 997 2971 urbis
1013 2912 1245 2988 servandaeque
1265 2929 1317 2988 pa

265 3021 344 3102 triae
359 3021 402 3078 M.
416 3017 529 3077 Furius
543 3015 696 3077 Camillus
707 3015 842 3076 dictator
856 3015 960 3076 dictus
974 3014 1160 3092 magistrum
1174 3014 1315 3094 equitum

265 3128 300 3186 P.
316 3123 495 3186 Cornelium
511 3122 687 3201 Scipionem
702 3121 793 3182 dixit.
816 3098 821 3108 ’

218 3250 247 3295 as
307 3230 421 3292 Omnia
439 3233 566 3307 repente
581 3233 758 3300 mutaverat
778 3227 949 3305 imperator
971 3231 1128 3287 mutatus:
1151 3225 1215 3287 alia
1235 3244 1316 3303 spes,

266 3337 348 3397 alius
376 3335 499 3395 animus
521 3333 692 3407 hominum,
714 3333 844 3393 fortuna
863 3350 986 3410 quoque
1011 3331 1075 3392 alia
1095 3331 1183 3392 urbis
1207 3330 1317 3391 videri.

268 3441 415 3503 Omnium
430 3440 564 3518 primum
588 3439 622 3497 in
639 3458 700 3512 eos,
716 3439 771 3516 qui
784 3457 804 3498 a
819 3438 892 3499 Veis
906 3437 940 3497 in
954 3437 1011 3497 illo
1027 3455 1142 3515 pavore
1159 3437 1318 3512 fugerant,

267 3565 351 3607 more
380 3545 511 3606 militari
540 3543 764 3606 animadvertit
792 3542 968 3620 effecitque,
990 3561 1029 3603 ne
1057 3541 1158 3603 hostis
1183 3541 1319 3602 maxime

267 3652 426 3713 timendus
454 3649 550 3710 militi
578 3655 668 3710 esset.
724 3647 847 3708 Deinde
876 3647 995 3708 indicto
1023 3647 1141 3709 dilectu
1169 3647 1205 3707 in
1236 3646 1320 3706 diem

218 3782 247 3828 30
267 3763 384 3818 certam
399 3756 467 3835 ipse
481 3754 608 3818 interim
622 3753 718 3815 Veios
739 3753 780 3813 ad
794 3751 1021 3814 confirmandos
1043 3751 1181 3812 militum
1196 3751 1319 3812 animos
