3058 4284
596 311 720 366 LATIN
744 310 994 366 subactione

687 515 739 566 The
751 515 822 578 final
835 517 927 578 plana

315 648 469 710 Lentulus
492 667 562 710 cum
584 647 707 723 ceteris,
723 647 777 726 qui
799 647 959 726 principes
980 647 1206 708 coniurationis
1227 653 1326 722 erant,

275 754 394 832 paratis
415 758 451 814 ut
472 754 641 814 videbatur
662 753 785 829 magnis
807 752 915 830 copiis,
934 753 1163 814 constituerant
1183 752 1241 828 uti,
1256 772 1326 812 cum

275 859 413 920 Catilina
433 858 467 918 in
490 877 599 934 agrum
626 858 835 918 Faesulanum
859 877 929 917 oum
955 858 1094 936 exercitu
1119 857 1268 932 venisset,
1290 859 1325 916 L.

276 963 383 1024 Bestia
396 964 543 1024 tribunus
557 963 668 1041 plebis,
684 963 829 1023 contione
845 963 964 1038 habita,
979 967 1161 1042 quereretur
1180 962 1219 1023 de
1235 962 1328 1023 actio

241 1084 256 1129 o
275 1069 366 1130 nibus
378 1069 538 1130 Ciceronis
553 1068 691 1146 bellique
702 1067 891 1144 gravissumi
901 1068 1054 1128 invidiam
1066 1074 1196 1146 optumo
1207 1067 1327 1128 consuli

275 1174 463 1252 imponeret,
493 1193 529 1234 eo
551 1173 640 1250 signo
660 1171 814 1252 proxuma
832 1179 923 1234 nocte
944 1179 1048 1234 cetera
1068 1172 1240 1234 multitudo
1259 1192 1329 1233 cou-

275 1278 441 1339 inrationis
463 1297 554 1339 suum
579 1279 712 1356 quisque
737 1279 898 1355 negotium
923 1284 1153 1356 exsequeretur.
1207 1277 1268 1338 Sed
1291 1297 1329 1337 ea

275 1383 378 1444 divisa
399 1384 458 1444 hoc
477 1384 569 1444 ruodo
588 1383 789 1443 dicebantur:
813 1383 959 1444 Statilius
977 1389 1009 1443 et
1026 1383 1180 1444 Gabinius
1195 1382 1328 1442 uticum

274 1507 388 1564 magna
406 1507 501 1549 manu
519 1488 683 1548 duodecim
702 1488 797 1549 simul
814 1495 991 1566 opportuna
1005 1487 1073 1548 loca
1086 1488 1173 1548 urbis
1187 1487 1329 1547 incende

226 1605 256 1650 10
274 1600 353 1668 rent,
375 1613 437 1671 quo
459 1592 597 1653 tumultu
619 1593 743 1654 facilior
767 1593 873 1653 aditus
898 1593 938 1652 ad
963 1593 1123 1652 consulem
1147 1600 1329 1670 ceterosque

274 1697 389 1776 quibus
424 1697 557 1758 insidiae
591 1699 785 1776 parabantur
819 1698 925 1772 fieret;
976 1698 1133 1774 Cethegus
1169 1696 1328 1758 Ciceronis

274 1802 397 1862 ianuam
435 1803 593 1863 obsideret
627 1822 762 1880 eumque
791 1803 823 1861 vi
855 1803 1085 1879 aggrederetur,
1114 1802 1195 1862 alius
1224 1807 1328 1862 autem

274 1907 380 1984 alium,
397 1908 453 1968 sed
473 1907 532 1966 filii
555 1907 759 1983 familiarum,
781 1927 913 1985 quorum
934 1926 973 1966 ex
994 1907 1161 1967 nobilitate
1184 1924 1331 1966 maxuma

274 2031 346 2090 pars
368 2019 444 2087 erat,
467 2013 608 2090 parentis
633 2012 865 2088 interficerent;
898 2011 992 2072 simul
1014 2013 1109 2072 caede
1130 2019 1162 2072 et
1184 2011 1329 2072 incendio

226 2129 255 2174 15
274 2117 427 2195 perculsis
452 2118 596 2178 omnibus
622 2118 664 2178 ad
687 2117 859 2179 Catilinam
886 2123 1093 2195 erumperent.
1138 2118 1226 2177 Inter
1254 2117 1330 2177 haec

275 2229 385 2300 parata
398 2229 493 2300 atque
508 2223 635 2282 decreta
646 2222 804 2298 Cethegus
816 2241 940 2299 semper
951 2223 1139 2300 querebatur
1150 2223 1189 2282 de
1204 2221 1332 2298 ignavia

276 2328 445 2387 sociorum:
476 2327 548 2388 illos
574 2327 747 2387 dubitando
771 2333 803 2386 et
827 2327 894 2388 dies
918 2327 1104 2405 prolatando
1129 2346 1258 2402 magnas
1279 2346 1331 2404 op

275 2433 484 2511 portunitates
500 2451 706 2510 corrumpere,
723 2433 817 2506 facte,
833 2451 898 2492 non
911 2432 1056 2492 consulto
1070 2432 1104 2490 in
1118 2433 1177 2492 tali
1191 2415 1331 2510 periculo

275 2557 354 2616 opus
376 2557 463 2614 esse3
495 2556 600 2616 seque,
623 2539 649 2598 si
675 2538 767 2616 pauci
793 2537 988 2613 adiuvarent,
1010 2536 1232 2613 languentibus
1258 2535 1330 2597 aliis

227 2652 257 2697 ao
276 2644 428 2721 impetum
456 2643 489 2701 in
517 2643 634 2703 curiam
663 2643 830 2702 facturum.
873 2643 997 2702 Natura
1024 2643 1123 2718 ferox,
1152 2642 1330 2715 vehemens,

276 2767 370 2807 manu
404 2753 568 2825 promptus
603 2753 688 2822 erat3
735 2765 916 2806 maxumum
950 2747 1066 2806 bonum
1100 2746 1134 2805 in
1169 2746 1331 2806 celeritate

276 2852 417 2930 putabat.

544 2983 596 3034 The
610 2985 729 3046 surprise
742 2989 770 3034 at
783 2983 826 3034 the
839 2983 965 3033 Malvr'cn
979 2983 1078 3046 brtdpc.

319 3116 380 3176 Sed
408 3115 593 3192 Allobroges
621 3135 659 3176 ex
687 3121 853 3193 praecepto
882 3113 1041 3175 Ciceronis
1073 3133 1128 3193 per
1160 3113 1332 3175 Gabinium
1388 3153 1393 3163 ·

278 3229 396 3282 ceteros
424 3220 632 3295 conveniunt3
668 3220 708 3280 ab
736 3220 881 3294 Lentulo,
911 3219 1059 3295 Cethego,
1089 3218 1226 3295 statilio,
1255 3219 1332 3279 item

229 3341 259 3386 25
278 3326 388 3389 Cassio
402 3325 566 3405 postulant
582 3324 811 3398 iusiurandum,
827 3324 910 3402 quod
931 3324 1089 3400 signatum
1107 3324 1147 3384 ad
1168 3324 1246 3384 civis
1266 3344 1333 3402 per·

278 3434 400 3507 ferant3
422 3431 515 3491 aliter
534 3431 618 3490 haud
638 3430 732 3489 facile
753 3449 804 3490 cos
824 3431 865 3489 ad
882 3435 1004 3489 tantum
1027 3429 1187 3506 negotium
1211 3429 1333 3508 impelli

279 3557 379 3616 posse.
421 3535 525 3598 Ceteri
540 3536 621 3595 nihil
634 3535 830 3613 suspicantes
845 3535 931 3610 dant,
944 3534 1072 3595 Cassius
1084 3541 1182 3596 semet
1196 3555 1234 3595 eo
1245 3535 1333 3595 brevi

280 3648 446 3702 venturum
466 3640 632 3719 pollicetur
650 3659 686 3700 ac
705 3639 799 3718 paulo
816 3645 888 3699 ante
906 3640 1025 3715 legatos
1044 3659 1082 3700 ex
1102 3642 1178 3701 urbe
1198 3640 1335 3718 proficis·

281 3748 369 3808 citur.
413 3745 566 3806 Lentulus
581 3764 652 3804 cum
667 3743 713 3804 eis
728 3745 763 3803 T.
774 3743 971 3806 Volturcium
983 3746 1140 3822 quendam
1154 3745 1335 3805 Crotonien-
