3038 4278
269 289 316 356 20
592 299 718 355 LATIN
742 299 991 355 SELEC'I'IONS

310 471 374 548 Agi
388 471 501 531 deinde
515 472 554 531 de
568 471 728 549 Apollinis
743 472 825 532 dono
842 477 994 549 coeptum.
1038 471 1097 534 Oui
1113 491 1146 533 se
1161 473 1322 534 decumam

269 577 394 637 vovisse
417 577 551 654 praedae
578 583 700 654 partem
728 596 799 637 cum
827 575 945 637 diceret
973 577 1135 652 Camillus,
1158 577 1322 655 pontifices

271 681 457 743 solvendum
470 681 621 757 religione
632 682 783 761 populum
798 687 970 758 censerent,
980 682 1064 758 haud
1075 682 1171 743 facile
1182 683 1323 744 inibatur

270 789 350 850 ratio
364 788 492 849 iubendi
507 789 624 849 referre
638 789 785 867 praedam
801 789 960 867 populum,
975 794 1011 849 ut
1025 808 1065 850 ex
1078 808 1115 850 ea
1128 809 1202 869 pars
1216 791 1324 851 debita

237 907 252 951 t
270 895 304 954 in
319 913 440 955 sacrum
456 900 675 955 secerneretur.
718 895 858 956 Tandem
873 913 918 970 eo,
930 896 1015 973 quod
1028 895 1226 957 lenissimum
1240 896 1323 956 vide

271 1001 370 1075 batur,
386 1001 552 1060 decursum
564 1005 621 1076 est,
633 1006 678 1076 ut,
690 1000 745 1078 qui
757 1019 789 1060 se
800 979 989 1078 domumque
1001 1000 1151 1077 religione
1163 1001 1323 1062 exsolvere

270 1105 375 1180 vellet,
386 1124 457 1165 oum
472 1105 599 1166 sibimet
609 1105 677 1184 ipse
688 1105 836 1183 praedam
847 1110 1055 1167 aestumasset
1066 1125 1163 1181 suain,
1175 1107 1323 1167 decumae

270 1211 405 1290 pretium
420 1211 520 1289 partis
532 1211 566 1270 in
579 1209 742 1289 publicum
753 1211 900 1286 deferret,
912 1217 948 1271 ut
959 1229 998 1270 ex
1009 1229 1046 1272 eo
1056 1211 1173 1271 donum
1184 1230 1322 1286 aureum,

271 1316 399 1393 dignum
427 1315 637 1394 amplitudine
666 1315 778 1394 templi
802 1334 838 1376 ao
866 1315 994 1376 numine
1019 1316 1078 1390 dei,
1104 1335 1143 1376 ex
1167 1316 1323 1392 dignitate

223 1435 252 1480 10
270 1422 379 1499 populi
394 1421 529 1482 Romani
543 1421 641 1481 fieret.
683 1422 731 1482 Ea
751 1438 875 1500 quoque
889 1420 1026 1481 conlatio
1046 1421 1148 1499 plebis
1169 1421 1325 1482 animosa

271 1525 404 1588 Camillo
418 1525 578 1588 alienavit.

311 1633 400 1692 Inter
413 1632 490 1692 haec
501 1631 698 1709 pacificatum
710 1632 808 1709 legati
819 1650 838 1691 a
851 1631 975 1693 Volscis
985 1638 1018 1692 et
1029 1631 1148 1710 Aequis
1160 1637 1323 1709 venerunt,

271 1736 490 1814 inpetrataque
511 1756 582 1815 pax,
599 1737 697 1813 magis
719 1743 755 1797 nt
778 1738 948 1798 fossatam
969 1737 1094 1797 diutino
1114 1736 1197 1797 bello
1216 1737 1325 1814 adqui·

270 1847 389 1902 esceret
402 1841 524 1916 civitas,
539 1860 632 1919 quam
648 1842 732 1919 quod
747 1842 834 1918 digni
850 1847 1000 1920 peterent.

270 2029 379 2080 Roman
391 2029 493 2091 history
505 2043 578 2079 more
590 2029 761 2090 trustworttp
772 2030 843 2092 qstcr
855 2029 898 2080 tlte
907 2029 1005 2078 second
1014 2029 1152 2092 founding
1164 2029 1197 2092 os
1206 2029 1248 2080 the
1260 2031 1321 2090 city.

223 2177 251 2223 lt
311 2161 395 2231 Quae
417 2161 456 2220 ab
478 2160 605 2221 condita
626 2160 703 2220 urbe
725 2162 826 2220 Roma
850 2161 890 2220 ad
915 2167 1038 2238 captam
1059 2159 1167 2220 urbem
1192 2160 1324 2220 eandem

270 2265 405 2326 Romani
423 2265 482 2326 sub
503 2266 627 2341 regibus
649 2265 795 2343 primum,
810 2265 991 2326 consulibus
1012 2265 1127 2325 deinde
1145 2284 1181 2326 ac
1194 2266 1326 2326 dictato

271 2370 357 2431 ribus
379 2370 625 2448 decemvirisque
647 2389 683 2430 ac
703 2370 839 2430 tribunis
856 2369 1071 2431 consularibus
1091 2389 1222 2447 gessere,
1245 2371 1324 2431 foris

162 2481 163 2488 ’
271 2475 362 2551 bella,
375 2476 459 2536 domi
474 2476 654 2551 seditiones,
666 2476 805 2554 quinque
819 2475 909 2536 libris
924 2475 1063 2554 exposui,
1076 2494 1125 2536 res
1139 2495 1211 2536 oum
1222 2481 1326 2536 vetus-

272 2587 336 2642 tate
350 2581 448 2642 nimia
464 2581 619 2656 obscuras,
634 2581 723 2641 velut
738 2598 817 2658 quae
832 2599 945 2657 magno
959 2600 997 2642 ex
1012 2580 1181 2641 intervallo
1195 2581 1255 2641 loci
1269 2581 1324 2640 vix

223 2703 253 2748 ao
271 2693 450 2762 cernuntur,
471 2691 539 2746 tum
565 2687 648 2764 quod
672 2705 787 2765 parvae
809 2693 841 2746 et
865 2705 953 2746 rarae
973 2705 1029 2764 per
1053 2687 1161 2746 eadem
1183 2692 1326 2764 tempora

271 2792 396 2852 litterae
407 2793 505 2868 fuere,
517 2812 581 2853 una
591 2793 733 2854 custodia
747 2791 851 2852 fidelis
863 2792 1029 2852 memoriae
1040 2811 1142 2852 rerum
1156 2799 1323 2868 gestarum,

272 2903 304 2958 et
319 2898 411 2975 quod,
426 2898 520 2958 etiam
537 2898 564 2958 si
579 2917 658 2976 quae
677 2897 711 2956 in
732 2897 965 2957 commentariis
986 2896 1169 2974 pontificum
1191 2896 1325 2973 aliisque

271 3003 406 3081 publicis
420 3003 615 3080 privatisque
630 3009 720 3063 erant
737 3001 958 3077 monumentis,
970 3003 1098 3063 incensa
1117 3003 1194 3063 urbe
1209 3001 1326 3080 plerae-

271 3127 332 3186 que
359 3107 514 3168 interiere.
558 3108 698 3168 Olariora
725 3107 872 3185 deinceps
900 3107 1093 3185 certioraque
1122 3108 1162 3167 ab
1189 3108 1326 3168 secunda

223 3229 253 3274 ac
272 3213 392 3290 origine
406 3213 494 3274 velut
515 3215 554 3274 ab
569 3213 721 3291 stirpibus
735 3212 850 3273 laetius
872 3211 1071 3290 feraciusque
1091 3218 1217 3272 renatae
1237 3212 1325 3273 urbis

272 3324 361 3396 gesta
374 3318 461 3379 domi
475 3318 669 3396 militiaeque
684 3323 888 3396 exponentur.

608 3503 660 3553 th
672 3501 906 3553 Licinio-Section
918 3503 1003 3553 Laws.

312 3635 437 3706 Quanto
453 3634 553 3710 magis
573 3635 731 3714 prosperis
752 3653 789 3694 eo
810 3654 893 3694 enno
913 3634 1006 3695 bellis
1026 3633 1200 3712 tranquilla
1220 3633 1328 3695 omnia

272 3740 351 3801 foris
366 3746 464 3815 erant,
479 3745 603 3800 tantum
618 3739 651 3798 in
667 3740 741 3800 urbe
761 3739 810 3799 vie
827 3745 955 3818 patrum
974 3739 1009 3798 in
1030 3739 1097 3800 dies
1119 3738 1328 3816 miseriaeque
