3038 4278
460 326 589 381 arvus
614 324 763 381 noman
788 324 968 380 Hrsronr
1200 311 1245 379 39

188 498 336 558 caedibus
350 497 423 558 finis
436 497 556 573 factus3
579 496 780 581 adpraedam
791 495 924 556 victores
937 495 1029 570 versi,
1042 513 1122 573 quae
1133 495 1244 571 ingens

187 603 289 664 omnis
304 603 427 678 generis
441 603 514 661 fuit.

229 709 411 768 Liberorum
437 707 576 784 capitum
601 707 693 766 virile
719 725 806 766 secus
831 706 872 766 ad
896 706 1003 766 decem
1028 706 1118 766 milia
1138 712 1241 784 capta.

187 813 268 873 Inde
285 813 340 892 qui
360 813 445 874 cives
464 814 574 873 Norae
595 811 797 886 Carthaginis
816 819 905 872 erant
927 810 1058 886 dimisit,
1075 812 1244 888 urbemque

186 925 220 978 et
248 937 305 978 sua
332 918 438 978 omnia
465 935 545 996 quae
572 916 695 995 reliqua
722 916 768 976 eis
798 916 916 977 bellum
944 917 1064 976 fecerat
1094 917 1279 976 restituite

187 1024 325 1102 Opifiees
346 1025 386 1084 ad
411 1024 474 1083 duo
497 1023 587 1082 milia
610 1022 774 1082 homiuum
799 1028 906 1084 erant:
939 1041 992 1082 eos
1014 1021 1155 1100 publicos
1176 1023 1244 1081 fore

187 1129 297 1208 populi
319 1129 454 1189 Romani
474 1129 576 1188 edixit
596 1146 667 1188 eum
690 1147 745 1205 spe
767 1127 942 1205 propinqua
966 1126 1132 1202 libertatis,
1155 1127 1182 1187 si
1205 1127 1245 1188 ad

188 1234 366 1294 ministeria
390 1233 466 1293 belli
492 1234 584 1293 enixe
609 1251 735 1311 operam
756 1239 933 1294 navassent.
977 1232 1120 1292 Ceteram
1142 1233 1246 1292 multi-

187 1339 332 1399 tudinem
364 1338 537 1399 ineolarum
565 1339 713 1398 iuvenum
746 1357 782 1398 ac
812 1338 985 1397 validorum
1023 1357 1183 1398 servorum
1211 1337 1245 1396 in

188 1444 321 1504 classem
339 1444 380 1504 ad
400 1443 654 1522 supplementum
672 1443 825 1518 remigum
840 1444 947 1518 dedit3
969 1449 1001 1502 et
1015 1449 1146 1503 auxerat
1160 1443 1246 1502 nari·
1266 1454 1295 1499 10

188 1550 248 1610 bus
269 1554 340 1608 octo
361 1549 497 1627 captivis
516 1549 657 1609 classem.
700 1549 801 1608 Extra
818 1548 900 1608 bane
918 1547 1155 1608 multitudinem
1172 1548 1246 1607 His-

188 1674 341 1734 panorum
369 1654 493 1714 obsides
518 1659 617 1728 eraut,
641 1673 784 1731 quorum,
812 1653 943 1731 perinde
971 1672 1006 1712 ae
1035 1653 1062 1713 si
1091 1653 1243 1714 socierum

188 1758 281 1819 liberi
296 1764 498 1833 assentante
511 1759 628 1818 habita.
671 1758 790 1836 Captus
801 1763 833 1817 et
847 1764 1016 1836 apparatus
1031 1758 1142 1834 iugens
1153 1758 1243 1818 belli:

189 1864 367 1941 catapultae
378 1863 533 1923 maximae
544 1864 664 1922 formae
673 1868 798 1922 eentum
810 1862 935 1938 viginti,
947 1863 1081 1922 minores
1093 1863 1245 1924 ducentae

189 1969 350 2045 octogiuta
369 1987 442 2043 una,
457 1967 603 2028 ballistae
624 1968 756 2028 maiores
778 1967 891 2043 viginti
914 1975 987 2042 tres,
1002 1966 1138 2027 minores
1158 1969 1294 2046 quin-15

189 2074 343 2152 quaginta
363 2075 452 2148 duae,
467 2073 661 2150 scorpionum
685 2073 835 2132 maiorum
859 2073 1078 2150 minorumque
1099 2078 1131 2132 et
1148 2092 1245 2133 armo-

190 2198 260 2238 rum
274 2180 471 2256 telorumque
486 2177 597 2254 iugens
608 2197 763 2252 numerus,
776 2178 867 2254 sigua
880 2177 1031 2238 militaria
1046 2178 1246 2256 septuaginta

190 2290 347 2362 quattuor.
390 2284 433 2343 Et
447 2283 516 2342 auri
530 2282 715 2360 argentique
729 2283 829 2343 relata
842 2283 883 2343 ad
896 2283 1118 2360 imperatorem
1132 2303 1247 2359 magna

191 2389 256 2450 vis:
278 2394 404 2466 paterae
420 2407 530 2448 aureae
541 2388 671 2446 fuerunt
685 2388 838 2447 ducentae
853 2387 1054 2465 septuaginta
1068 2407 1132 2462 sex,
1147 2387 1246 2449 librae

191 2494 290 2553 ferme
313 2511 420 2554 omnes
443 2493 563 2570 pond03
597 2492 720 2572 argenti
742 2492 852 2552 infecti
879 2492 1057 2569 signatique
1083 2493 1188 2552 decem
1214 2499 1247 2552 et
1265 2515 1295 2560 ω

191 2604 261 2658 octo
278 2599 366 2657 milia
385 2605 416 2658 et
435 2603 575 2657 trecenta
591 2598 704 2674 ponde,
719 2616 864 2657 vasorum
880 2603 1099 2672 argenteorum
1113 2617 1244 2673 magnus

190 2721 348 2763 numerus.
391 2703 479 2762 Haec
500 2702 605 2762 omnia
626 2703 659 2763 C.
676 2701 832 2762 Flaminio
853 2702 1013 2779 quaestori
1034 2703 1174 2780 adpensa
1195 2703 1246 2763 ad·

191 2814 417 2884 numerataque
452 2813 541 2883 sunt3
578 2807 678 2867 tritici
712 2808 942 2885 quadringenta
973 2806 1062 2866 milia
1096 2807 1244 2882 modium,

190 2913 301 2974 bordei
312 2913 448 2972 ducenta
458 2912 667 2990 septuaginta
709 2913 816 2973 Naves
828 2912 987 2972 onerariae
1002 2911 1167 2988 sexaginta
1181 2919 1245 2972 tres

190 3019 223 3078 in
238 3024 333 3097 portu
346 3023 543 3095 expugnatae
560 3023 739 3095 captaeque,
755 3018 906 3095 quaedam
923 3036 994 3076 eum
1009 3017 1075 3078 suis
1089 3018 1244 3092 oneribus,
1264 3037 1293 3082 aa

190 3125 359 3197 frumento,
374 3122 479 3196 armis,
494 3140 564 3182 aere
579 3128 739 3199 praeterea
753 3124 898 3199 ferroque
914 3128 946 3182 et
959 3123 1069 3182 linteis
1088 3129 1120 3183 et
1138 3130 1245 3200 sparto

190 3236 223 3289 et
237 3227 343 3288 navali
357 3227 420 3287 alia
435 3226 566 3286 materia
580 3227 620 3287 ad
633 3227 765 3288 classem
781 3228 1016 3303 aedificandam,
1028 3234 1065 3288 ut
1079 3227 1244 3287 minimum

190 3333 329 3394 omnium
345 3333 428 3393 inter
442 3337 548 3392 tantas
562 3351 636 3410 opes
650 3332 726 3392 belli
741 3339 849 3410 captas
861 3333 1018 3410 Carthago
1032 3333 1102 3410 ipsa
1116 3332 1223 3393 fuerit,

340 3519 499 3571 Hasdrubal
511 3521 540 3568 iu
553 3519 624 3580 Italy
636 3520 691 3570 oud
703 3520 745 3570 tlrc
758 3521 840 3570 battle
853 3521 885 3582 os
894 3521 937 3570 tlrc
949 3520 1100 3570 Metaurus.

230 3653 278 3711 De
307 3652 518 3713 Hasdrubalis
548 3654 686 3713 adventu
705 3653 738 3711 in
764 3653 890 3712 Italiam
915 3671 989 3712 cura
1013 3653 1046 3711 in
1071 3652 1139 3712 dies
1167 3669 1245 3712 cres·

189 3759 288 3818 cebet.
330 3758 578 3818 Massiliensium
599 3758 736 3837 primum
758 3757 854 3834 legati
875 3757 1099 3818 nuntiaverant
1117 3775 1189 3817 eum
1210 3757 1244 3816 iu
1264 3767 1293 3813 30
