3038 4278
532 353 738 409 ssnnnsr's
763 353 958 410 6161111116
1229 343 1273 412 79

216 525 379 585 clientium
395 524 516 586 occulte
527 525 669 585 habebat.
712 527 885 604 Postquam
897 526 964 588 dies
977 526 1173 587 comitiorum
1185 529 1273 588 venit
1309 565 1310 568 =

216 636 248 690 et
269 629 425 691 Catilinae
447 649 548 707 neque
570 629 682 708 petitio
703 649 803 708 neque
825 631 967 706 insidiae,
990 651 1067 709 quas
1092 633 1272 693 consulibus
1380 663 1384 668 ·

215 735 249 794 in
264 743 373 814 campo
394 736 521 811 fecerat,
537 753 685 814 prospere
699 755 828 811 cessere,
842 737 1009 797 constituit
1030 736 1146 797 bellum
1169 739 1272 799 facere

216 847 248 901 et
272 848 413 901 extrema
437 840 544 900 omnia
564 841 709 918 experiri,
731 840 878 918 quoniam
901 859 980 919 quae
1002 843 1121 902 occulte
1142 850 1273 922 tempta

217 951 305 1006 verat
319 965 430 1026 aspera
443 945 598 1023 foedaque
615 952 791 1006 evenerant.
1293 965 1307 1010 5

256 1052 360 1127 Igitur
371 1050 404 1110 C.
418 1050 575 1110 Manlium
590 1050 739 1112 Faesulas
750 1058 845 1128 atque
860 1051 893 1110 in
904 1070 973 1111 eam
984 1060 1103 1129 partem
1118 1054 1272 1130 Etruriae,

217 1157 405 1234 Septimium
416 1155 573 1233 quendam
583 1155 758 1216 Camertem
770 1156 803 1214 in
815 1175 924 1232 agrum
935 1157 1095 1231 Picenum,
1108 1158 1142 1219 C.
1155 1158 1272 1218 Iulium

216 1263 249 1320 in
264 1261 413 1339 Apuliam
436 1260 568 1335 dimisit,
583 1267 745 1338 praeterea
766 1260 862 1320 alium
884 1261 955 1336 alic,
971 1280 1063 1339 quem
1085 1262 1201 1339 ubique
1223 1282 1273 1341 op
1314 1257 1316 1262 ’

215 1373 386 1445 portunum
401 1366 462 1446 sibi
484 1365 551 1424 fore
573 1365 726 1425 credebat
770 1366 897 1426 Interea
918 1367 1036 1426 Romae
1057 1363 1158 1426 multa
1179 1367 1273 1427 simul

215 1471 337 1530 moliri:
360 1471 493 1531 insidias
507 1471 646 1545 tendere,
661 1489 771 1547 parare
786 1469 940 1545 incendia,
957 1477 1134 1548 opportuna
1147 1472 1216 1532 loca
1229 1492 1274 1532 ar·
1295 1491 1322 1534 10

216 1577 311 1636 matis
336 1575 515 1636 bominibus
541 1573 700 1649 obsidere;
729 1575 796 1653 ipse
822 1595 891 1635 cnm
913 1576 977 1636 telo
998 1595 1074 1652 esse,
1097 1577 1172 1636 item
1194 1577 1273 1638 alios

216 1682 332 1757 iubere,
358 1681 479 1740 hortari
503 1681 551 1740 uti
577 1699 700 1759 semper
728 1680 844 1741 intenti
872 1682 1037 1759 paratique
1060 1689 1179 1759 assent3
1206 1683 1273 1743 dies

216 1786 380 1864 noctisque
402 1786 562 1861 festinare,
587 1785 727 1861 vigilare,
741 1805 842 1863 neque
864 1785 1029 1848 insomniis
1051 1806 1151 1865 neque
1169 1788 1273 1851 labore

154 1921 158 1932 ι
216 1891 355 1967 fatigari.
397 1892 570 1965 Postremo,
581 1890 637 1949 ubi
651 1890 752 1950 multa
762 1891 896 1966 agitanti
911 1891 993 1951 nihil
1004 1892 1154 1970 procedit,
1166 1911 1273 1952 rursus

216 1996 408 2074 intempesta
433 2003 521 2055 nocte
546 1995 773 2056 coniuratIonis
798 1996 955 2074 principes
980 2003 1131 2057 convocat
1153 2017 1208 2075 per
1229 1999 1271 2057 M.
1293 2014 1322 2061 15

216 2101 362 2161 Porcium
384 2092 654 2178 Laecam,'ibique
676 2101 776 2160 multa
800 2101 838 2160 de
863 2101 988 2176 ignavia
1013 2121 1119 2162 eorum
1144 2109 1274 2179 questus

216 2207 307 2266 docet
329 2224 361 2266 se
383 2205 538 2266 Manlium
561 2205 762 2283 praemisisse
777 2206 817 2266 ad
832 2225 899 2266 earn
921 2205 1156 2267 multitudinem
1179 2227 1273 2284 quam

216 2311 256 2371 ad
281 2311 438 2388 capiunda
465 2329 552 2370 arma
577 2316 750 2387 paraverat,
775 2311 851 2370 item
880 2311 959 2371 alios
983 2311 1016 2370 in
1042 2312 1105 2372 alia
1131 2313 1199 2372 loca
1223 2334 1273 2392 op

216 2422 362 2494 portuna,
376 2415 431 2493 qui
446 2415 574 2474 initium
595 2414 670 2474 belli
691 2416 841 2490 facerent,
857 2435 952 2494 seque
967 2417 1007 2476 ad
1021 2418 1191 2477 exercitum
1207 2437 1273 2495 pro

216 2521 315 2580 ficisci
340 2538 464 2598 cupere,
491 2520 518 2578 si
541 2520 628 2596 prins
654 2519 834 2580 Ciceronem
861 2521 1085 2599 oppressisset;
1110 2541 1181 2581 eum
1208 2524 1272 2584 suis
1292 2543 1321 2588 6ο

217 2624 358 2686 consiliis
373 2620 507 2684 multum
521 2625 650 2684 officere.
694 2624 799 2701 Igitur
814 2625 990 2702 perterritis
1005 2645 1041 2686 ac
1055 2627 1272 2688 dubitantibus

215 2730 327 2791 ceteris
343 2730 376 2790 C.
392 2728 556 2790 Cornelius
571 2748 666 2806 eques
681 2730 843 2790 Romanus
854 2749 980 2807 operam
996 2750 1083 2791 suam
1100 2732 1271 2810 pollicitus,

216 2840 332 2895 etcum
348 2853 384 2895 eo
398 2835 434 2894 L.
450 2834 662 2909 Vargunteius
673 2841 806 2910 senator,
819 2835 1008 2896 constituere
1023 2855 1059 2896 66
1073 2843 1164 2897 nocte
1179 2837 1273 2915 paulo

216 2946 288 3019 post
312 2959 382 3000 oum
409 2939 538 3000 armatis
562 2939 741 2999 hominibus
768 2940 862 3000 sicuti
888 2940 1059 3001 salutatum
1082 2943 1211 3002 Introire
1233 2943 1272 3003 ad

216 3047 395 3107 Ciceronem
412 3063 448 3105 ao
463 3046 501 3104 de
516 3045 687 3122 improviso
701 3045 786 3104 domi
801 3065 875 3106 suae
890 3046 1079 3124 imparatum
1094 3049 1270 3108 confodere.
1291 3069 1320 3112 as

216 3151 329 3212 Curius
344 3150 398 3211 ubi
413 3149 571 3226 intellegit
585 3157 738 3227 quantum
752 3150 927 3228 periculum
946 3153 1065 3212 consuli
1082 3153 1271 3231 impendeat,
1320 3210 1325 3220 ,

215 3274 345 3335 propere
360 3274 416 3334 per
429 3254 574 3314 Fulviam
591 3254 733 3314 Ciceroni
744 3255 850 3315 dolum
863 3256 918 3334 qni
932 3257 1101 3334 parabatur
1114 3259 1268 3319 enuntiat.

215 3363 268 3422 Ita
281 3361 330 3421 illi
345 3361 440 3420 ianua
454 3359 606 3438 prohibiti
621 3365 742 3419 tantum
759 3361 882 3423 facinus
897 3361 1017 3422 frustra
1032 3370 1240 3440 susceperant.

256 3467 381 3526 Interea
402 3465 541 3524 Manlius
562 3465 596 3524 in
620 3464 753 3525 Etruria
780 3466 902 3544 plebem
931 3467 1110 3542 sollicitare,
1133 3475 1271 3543 egestate

214 3571 308 3632 simul
337 3590 372 3632 ac
402 3571 508 3630 dolore
535 3569 669 3630 iniuriae
696 3589 847 3630 novarum
876 3591 978 3632 rerum
1005 3573 1161 3651 cupidam,
1188 3575 1272 3651 quod
1291 3591 1320 3636 so

215 3676 321 3738 Sullae
333 3670 547 3736 dominatione
559 3694 648 3750 agros
660 3675 803 3753 bonaque
814 3677 919 3736 omnia
930 3675 1094 3754 amiserat,
1111 3685 1271 3756 praeterea

138 3753 141 3772 Ι
213 3782 352 3844 16116666
365 3781 517 3859 cuiusque
529 3780 659 3857 generis,
672 3799 803 3858 quorum
819 3781 853 3840 in
867 3799 904 3841 ea
918 3783 1043 3858 regione
1055 3802 1166 3859 magna
1181 3783 1271 3862 copia
