3038 4278
533 299 739 365 sanuusr's
763 299 958 355 oarmmu
1230 283 1274 353 77

216 465 374 547 Pisonem,
385 471 419 530 in
435 471 633 531 Mauretania
644 489 714 532 cum
726 470 866 530 exercitu
877 471 912 529 P.
926 469 1055 530 Sittium
1068 469 1273 545 Nucerinum,

217 576 328 636 consili
341 576 389 636 sui
404 575 588 653 participes3
611 581 718 653 petere
729 575 924 636 consulatum
938 575 970 635 C.
985 574 1167 649 Antonium,
1180 593 1272 652 quern

218 681 279 741 sibi
294 680 443 756 collegam
462 681 529 740 fore
547 687 694 759 speraret,
709 680 867 740 hominem
882 686 914 740 et
928 681 1118 740 familiarem
1133 685 1165 739 et
1178 680 1273 740 omni-

217 787 275 846 bus
300 785 584 846 necessitudinibus
611 786 877 862 circumventum
903 805 973 846 cum
995 803 1031 844 eo
1056 804 1088 846 se
1113 784 1272 846 consulem

218 891 344 951 initium
373 890 491 967 agundi
519 876 685 950 facturum.
728 891 779 950 Ad
807 891 866 950 hoc
890 889 1065 950 maledictis
1092 891 1306 968 increpabatt
1377 951 1379 953 ,

218 997 319 1057 omnis
344 997 451 1072 bonos,
477 1016 603 1056 suorum
628 1015 724 1055 unum
750 1015 904 1075 quemque
932 995 1098 1090 nominans
1127 996 1270 1056 laudare:

218 1102 406 1162 admonebat
417 1101 512 1162 alium
525 1101 684 1178 egestatis,
696 1101 791 1160 alium
804 1101 989 1180 cupiditatis
1005 1083 1088 1176 suae,
1103 1102 1272 1180 compluris

218 1207 349 1285 periculi
365 1213 419 1268 aut
433 1207 633 1282 ignominiae,
646 1207 762 1266 multos
778 1206 927 1266 victoriae
940 1206 1098 1281 Sullanae,
1111 1207 1225 1285 quibus
1237 1226 1274 1268 ea

218 1313 352 1391 praedae
377 1313 489 1372 fuerat.
532 1313 705 1390 Postquam
731 1311 870 1372 omnium
896 1311 1016 1374 animos
1041 1311 1153 1372 alacris
1176 1312 1272 1387 videt,

219 1419 399 1478 cohortatus
418 1425 454 1478 ut
476 1418 659 1496 petitionem
682 1436 768 1477 suam
789 1435 880 1478 curae
902 1417 1062 1493 haberent,
1084 1423 1272 1478 conventum
1292 1426 1320 1472 10

218 1522 348 1583 dimisit.

258 1629 358 1689 Fuere
386 1647 423 1688 ea
449 1635 637 1707 tempestate
653 1628 720 1707 'qui
748 1627 888 1688 dicerent
921 1627 1100 1704 Catilinam,
1133 1628 1272 1689 oratione

218 1733 334 1810 habita,
351 1753 420 1794 cum
436 1735 476 1794 ad
490 1734 707 1794 iusiurandum
729 1731 889 1811 popularis
905 1732 1031 1793 sceleris
1053 1734 1102 1793 sui
1123 1733 1272 1810 adigeret,

217 1839 348 1899 humani
370 1840 506 1917 corporis
528 1842 711 1915 sanguinem
734 1838 807 1898 vino
827 1837 1017 1917 permixtum
1032 1839 1065 1897 in
1079 1839 1197 1916 pateris
1219 1839 1274 1899 cir-

218 1946 418 2022 cumtulisse3
441 1947 515 2006 inde
529 1965 600 2006 cum
615 1952 687 2024 post
701 1946 945 2006 exsecrationem
960 1964 1067 2005 ornnes
1082 1947 1274 2022 degustavis·
1294 1961 1321 2006 rt

219 2057 298 2126 sent,
321 2052 414 2112 sicuti
436 2052 469 2110 in
493 2051 684 2112 solemnibus
707 2051 803 2112 sacris
825 2050 895 2111 fieri
919 2051 1091 2127 consuevit,
1115 2043 1274 2130 aperuisse

218 2156 383 2217 consilium
401 2177 509 2231 suum3
532 2163 626 2235 atque
642 2174 678 2216 eo
695 2157 842 2217 dictitare
859 2157 982 2230 fecisse,
998 2176 1060 2234 quo
1074 2156 1156 2217 inter
1171 2177 1203 2218 se
1217 2157 1273 2217 fidi

219 2261 318 2338 magis
342 2261 447 2321 forent
472 2261 554 2321 alius
579 2261 634 2321 alii
655 2262 737 2322 tanti
758 2261 909 2322 facinoris
931 2261 1055 2322 conscii.
1099 2263 1171 2322 Non
1193 2261 1274 2321 nulli

218 2366 293 2426 fieta
313 2372 345 2426 et
366 2367 443 2426 haec
465 2372 497 2426 et
518 2366 619 2426 multa
639 2374 801 2445 praeterea
826 2366 1060 2427 existumabant
1084 2368 1124 2427 ab
1148 2367 1194 2426 eis
1219 2367 1274 2444 qui

219 2471 378 2531 Ciceronis
400 2471 563 2546 invidiam,
584 2491 664 2549 quae
690 2478 799 2550 postea
823 2478 891 2531 orta
912 2479 970 2547 est,
992 2471 1084 2531 leniri
1106 2455 1322 2532 eredebantao

219 2577 383 2638 atrocitate
399 2576 524 2637 sceleris
539 2595 644 2636 eorum
661 2577 715 2654 qui
731 2595 844 2654 poenas
856 2577 1016 2638 dederant.
1057 2577 1159 2638 Nobis
1173 2595 1210 2636 ea
1223 2595 1273 2636 res

219 2701 276 2760 pro
290 2681 505 2758 magnitudine
520 2701 629 2760 parum
644 2687 804 2759 comperta
817 2688 873 2742 est.

244 2885 344 2936 Curius
361 2885 405 2936 tta
421 2886 560 2948 informer,
575 2885 630 2936 aad
647 2886 690 2934 tte
707 2887 820 2936 electiori
832 2887 865 2948 os
881 2885 974 2936 Cicero
987 2892 1013 2936 to
1026 2887 1067 2936 aba
1085 2887 1248 2950 consulship.

618 2967 670 3017 The
678 2969 737 3030 plot
748 2974 874 3017 matures.

261 3099 370 3160 sedin
385 3118 421 3159 ea
434 3097 649 3159 coniuratione
663 3099 727 3158 fuit
747 3100 781 3170 Q.
798 3099 919 3175 Curius,
935 3105 1028 3160 natus
1042 3101 1127 3160 haud
1144 3101 1275 3162 obscuro

219 3205 297 3281 loco,
325 3204 455 3280 flagitiis
469 3185 572 3282 'atque
595 3204 787 3264 facinoribus
812 3211 985 3282 coopertus,
1012 3223 1103 3282 quem
1133 3225 1275 3267 censores

220 3316 330 3371 senatu
355 3309 462 3387 probri
488 3310 590 3385 gratia
614 3316 783 3369 moverant.
828 3311 914 3370 Huic
941 3311 1061 3369 homini
1086 3330 1148 3370 non
1174 3312 1324 3374 minorat

219 3417 344 3476 vanitas
358 3416 461 3476 inerat
476 3437 569 3494 quam
592 3418 739 3494 audacia3
762 3437 862 3496 neque
884 3419 1013 3479 reticere
1028 3437 1107 3496 quae
1123 3419 1275 3494 audierat,

219 3541 320 3600 neque
346 3527 469 3582 suamet
490 3523 558 3600 ipse
581 3523 698 3584 scelera
718 3524 882 3600 occultare,
903 3544 1030 3602 prorsus
1052 3544 1152 3603 neque
1174 3525 1276 3585 dicere

219 3646 321 3704 neque
336 3629 440 3688 facere
455 3628 622 3706 quicquam
637 3628 727 3707 pensi
748 3629 891 3689 habebat.
933 3631 1010 3690 Erat
1025 3631 1054 3689 ei
1069 3649 1138 3690 cum
1154 3629 1276 3704 Fulvia,

219 3732 353 3792 muliere
377 3733 487 3810 nobili,
513 3734 615 3812 stupri
643 3740 734 3794 vetus
763 3734 972 3812 consuetudo;
997 3735 1048 3795 cui
1074 3754 1144 3796 cum
1173 3734 1277 3798 minus
