3058 4284
262 269 329 337 120
589 282 714 339 LATIN
739 283 988 341 SELECTIONS

260 453 374 513 similis
403 459 435 513 et
461 454 642 531 frequentia
662 461 694 514 et
716 454 844 533 plausus
865 475 915 516 me
938 475 1035 533 usque
1057 457 1097 517 ad
1118 457 1311 536 Capitolium

259 557 430 618 celebravit
443 559 477 618 iu
492 560 623 638 foroque
638 559 717 619 etin
731 559 801 638 ipso
815 560 973 639 Capitolio
986 562 1131 622 miranda
1140 564 1312 624 multitudo

258 664 329 723 fuit.

298 769 456 829 Postridie
479 770 512 829 in
535 776 646 830 senatu
671 770 725 849 qui
748 771 811 830 fuit
839 771 907 831 dies
935 772 1096 832 Nonarum
1126 774 1309 852 Septembr,

222 891 238 938 1
259 875 381 935 1111111
396 874 513 950 gratias
525 875 654 951 egimus.
697 877 743 936 Εο
752 875 848 937 biduo
859 895 929 936 cum
941 884 1025 938 esset
1037 897 1177 938 annonae
1189 897 1311 940 summa

180 1044 182 1050 ,
258 980 372 1040 caritas
387 988 419 1040 11
432 980 574 1041 homines
595 982 636 1041 ad
656 981 813 1041 theatrum
837 981 947 1060 primo,
970 981 1082 1043 deinde
1104 985 1144 1044 ad
1167 991 1308 1045 senatum

257 1085 497 1162 concurrissent,
519 1085 658 1164 impulsu
680 1085 771 1147 Clodi
792 1105 863 1154 mea
883 1106 977 1164 opera
997 1088 1150 1149 frumenti
1171 1089 1309 1168 inopiam

259 1209 327 1251 1111
341 1190 520 1268 clamarent,
536 1209 606 1251 curn
621 1211 677 1270 per
690 1210 743 1251 eos
759 1191 826 1252 dies
842 1198 968 1254 senatus
984 1193 1024 1254 de
1040 1213 1166 1255 annona
1186 1193 1311 1255 habere·

257 1301 309 1354 tur
334 1301 366 1355 11
388 1295 428 1356 ad
450 1294 518 1357 eius
541 1297 788 1374 procurationem
819 1316 960 1358 sermone
988 1317 1051 1358 non
1079 1299 1180 1359 solum
1208 1299 1309 1378 plebis

209 1414 237 1460 10
258 1419 363 1460 verum
388 1401 484 1460 etiam
505 1401 655 1461 bonorum
677 1402 847 1480 Pompeius
870 1409 1034 1463 vocaretur
1055 1403 1150 1482 idque
1171 1405 1240 1482 ipse
1262 1425 1310 1465 11-

257 1511 345 1584 peret
361 1505 593 1584 multitudoque
608 1525 627 1566 a
641 1525 690 1566 me
705 1506 892 1568 nominatim
914 1513 949 1568 ut
970 1508 1003 1567 id
1024 1509 1222 1578 decernerem
1243 1529 1310 1588 pos·

257 1610 383 1686 tularet,
409 1611 472 1670 feei
495 1617 528 1672 11
552 1617 694 1672 accurate
723 1612 910 1673 sententiam
940 1613 1016 1672 dixi.
1059 1615 1138 1674 Cum
1166 1615 1310 1675 abessent

256 1715 445 1792 consulares,
461 1717 544 1794 quod
560 1722 630 1776 tuto
650 1736 682 1778 se
703 1723 855 1794 negarent
876 1736 966 1796 posse
988 1719 1177 1779 sententiam
1198 1719 1309 1795 dicere,

256 1827 379 1899 praeter
394 1821 577 1881 Messallam
592 1828 624 1882 et
638 1822 817 1898 Afranium,
832 1823 953 1883 factum
970 1812 1019 1884 111
1040 1829 1168 1884 senatus
1189 1825 1309 1890 conen-

207 1939 236 1984 11
256 1931 324 1985 tum
338 1926 379 1991 11
387 1945 487 1986 meam
503 1926 691 1986 senteutiam
705 1933 742 1987 ut
756 1947 826 1986 cum
848 1926 999 2006 Pompeio
1020 1934 1162 2004 ageretur
1183 1935 1220 1989 ut
1240 1948 1308 1990 eam

256 2049 321 2090 rem
347 2031 519 2110 susciperet
542 2031 654 2110 lexque
676 2033 821 2093 ferretur.
863 2033 931 2103 Quo
953 2039 1080 2094 senatus
1101 2034 1244 2094 consulto
1265 2054 1308 2095 re

255 2136 353 2196 citato
367 2155 437 2196 cum
446 2139 579 2212 populus
593 2156 677 2196 more
697 2136 756 2197 hoc
777 2137 898 2198 insulso
919 2143 951 2197 et
971 2157 1052 2197 novo
1073 2139 1218 2216 plausum
1240 2159 1308 2200 meo

255 2241 380 2300 nomine
409 2241 571 2301 recitando
592 2241 741 2316 dedisset,
760 2242 857 2302 habui
878 2242 1063 2303 contionem.
1107 2243 1224 2304 Omnes
1247 2264 1309 2304 ma

256 2345 406 2421 gistratus
416 2352 596 2425 praesentes
607 2352 729 2424 praeter
740 2367 835 2408 unum
847 2354 1020 2427 praetorem
1032 2353 1065 2407 et
1076 2348 1154 2408 duos
1165 2348 1307 2411 tribunos

197 2471 236 2517 ,20
255 2450 296 2528 pl.
308 2451 470 2510 dederunt.
506 2451 665 2512 Postridie
675 2458 801 2512 senatus
810 2453 960 2529 frequens
970 2458 1002 2512 et
1010 2471 1118 2513 omues
1129 2453 1307 2515 consulares

254 2555 335 2614 nihil
350 2555 500 2635 Pompeio
516 2557 689 2635 postulanti
704 2564 866 2634 negarunt.
909 2556 970 2616 Ille
985 2558 1104 2633 legatos
1127 2559 1306 2636 quindecim

254 2679 325 2720 cum
348 2660 530 2740 postularet,
552 2681 602 2721 me
623 2662 798 2740 principem
819 2662 995 2723 nominavit
1016 2668 1048 2722 et
1069 2667 1111 2722 ud
1132 2663 1237 2724 omnia
1257 2684 1307 2724 me

254 2765 387 2825 alterum
404 2784 436 2824 se
451 2766 519 2826 fore
533 2766 624 2826 dixit.
667 2768 781 2842 Legem
805 2767 948 2828 consules
969 2767 1224 2847 conscripserunt
1244 2788 1307 2848 qua

253 2870 404 2948 Pompeio
431 2889 487 2948 per
515 2871 763 2949 quinquennium
786 2873 885 2932 omnis
908 2879 1047 2950 potestas
1069 2873 1115 2934 rei
1135 2874 1307 2936 frumenta·

204 2995 233 3040 25
253 2975 318 3036 riae
333 2982 400 3036 toto
415 2977 487 3036 orbe
501 2981 655 3036 terrarum
671 2978 807 3053 daretur,
823 2978 953 3038 alteram
970 2979 1106 3040 Messius
1128 2979 1182 3056 qui
1204 2981 1305 3042 omnis

253 3082 403 3161 pecuniae
425 3082 480 3142 dat
498 3088 685 3159 potestatem
707 3088 739 3142 et
760 3083 906 3160 adiungit
927 3083 1058 3144 classem
1080 3089 1111 3144 11
1132 3085 1305 3145 exercitum

253 3193 284 3247 et
305 3187 407 3246 maius
430 3187 597 3264 imperium
619 3188 652 3246 in
673 3189 843 3265 provinciis
867 3207 959 3266 quam
983 3188 1026 3248 sit
1047 3207 1152 3248 eorum
1176 3190 1230 3267 qui
1252 3209 1304 3253 eas

252 3292 422 3352 obtineant.
467 3293 530 3352 Illa
544 3299 652 3353 nostra
666 3293 717 3352 lex
733 3294 906 3355 consuleris
921 3313 1004 3354 nunc
1016 3295 1158 3356 modesta
1168 3297 1303 3373 videtur,

250 3397 327 3457 haec
352 3399 452 3458 Messi
477 3417 539 3458 non
564 3399 700 3459 ferenda.
742 3401 912 3477 Pompeius
940 3399 1028 3459 illam
1051 3400 1133 3460 velle
1159 3420 1192 3461 se
1217 3401 1303 3478 dicit,

202 3516 231 3562 ³0
251 3503 424 3564 familiares
455 3503 545 3563 hane.
587 3504 774 3565 Consulares
796 3505 874 3565 duce
895 3506 1035 3565 Favonio
1057 3507 1216 3585 fremunt;
1246 3528 1304 3568 nos

250 3615 390 3669 tacemus
405 3615 437 3669 et
452 3628 488 3669 1ο
503 3609 602 3685 magis
617 3611 701 3687 quod
716 3611 754 3670 de
770 3611 860 3671 domo
875 3617 983 3671 nostra
1004 3610 1085 3670 nihil
1108 3612 1210 3672 adhuc
1231 3633 1304 3691 pon-

249 3715 350 3775 tifices
365 3715 600 3793 responderunt.
643 3714 704 3787 Qui
727 3715 754 3775 si
777 3715 963 3776 sustulerint
984 3715 1177 3794 religionem,
1199 3736 1303 3779 aream
