3038 4278
478 341 607 397 mvr’s
631 339 780 394 noman
806 338 986 393 Hrsroar
1213 323 1259 391 67

243 513 322 572 Post
342 512 424 572 hanc
446 512 617 571 orationem
639 509 801 570 silentium
823 508 895 583 fuit,
915 509 1031 586 partim
1052 505 1206 567 traductis
1225 506 1259 564 in

204 617 395 680 sententiam
416 616 493 691 eius,
508 616 624 694 partim
646 614 826 674 verentibus
848 613 1036 691 nequiquam
1053 611 1211 671 offendere
1225 611 1258 668 in

204 742 240 783 eo
260 722 344 799 quod
362 727 530 798 utcumque
548 719 802 799 praetermissum
819 717 958 778 revocari
976 737 1039 776 non
1057 722 1170 795 posset.
1212 716 1259 775 Ac

204 847 245 888 ne
263 827 320 887 illo
341 827 411 904 ipso
425 826 552 904 quidem
567 825 618 885 die
634 830 689 885 aut
704 823 824 884 consuli
840 830 894 884 aut
908 823 974 898 regi
986 842 1123 900 pappare
1132 823 1258 897 placuit,

204 937 269 1010 regi
289 933 373 1010 quod
387 949 445 991 nec
466 931 628 1005 samosat
648 930 760 1008 pridie,
775 948 814 988 ex
831 928 884 990 via
902 947 1003 1006 neque
1017 929 1211 1005 trepidantes
1226 925 1260 984 in
1278 939 1293 984 a

205 1038 271 1098 acie
295 1037 481 1098 instruenda
505 1041 538 1095 et
566 1036 696 1095 vixdum
725 1034 915 1112 compositos
943 1033 1147 1110 adgressurus
1175 1038 1257 1106 erat3

205 1141 336 1217 consuli,
359 1142 443 1219 quod
464 1141 496 1200 in
518 1141 619 1200 novis·
630 1140 742 1200 castris
760 1159 823 1199 non
840 1139 935 1215 ligna,
949 1157 1013 1198 non
1028 1137 1177 1216 pabulum
1191 1156 1259 1196 con-

206 1253 332 1308 vectum
354 1252 429 1322 erat,
451 1247 593 1323 adquae
614 1246 750 1324 petenda
771 1263 810 1304 ex
831 1243 1016 1322 propinquis
1037 1243 1122 1318 agris
1148 1261 1260 1318 magna

204 1371 277 1431 pars
292 1351 431 1429 militum
446 1369 462 1411 e
477 1351 589 1411 castris
603 1349 729 1410 exierat.
764 1351 886 1409 Neutro
901 1349 1124 1427 imperatorum
1135 1347 1259 1407 volente

205 1457 343 1532 fortuna,
359 1474 438 1534 quae
463 1456 534 1534 plus
557 1454 696 1515 consiliis
715 1454 861 1514 humanis
886 1454 994 1532 pollet,
1019 1453 1179 1513 contraxit
1199 1465 1308 1512 cer-10

205 1568 320 1622 tamen.
350 1560 483 1620 Flumen
498 1565 565 1620 erat
579 1561 666 1620 haud
679 1578 827 1635 magnum
841 1559 970 1636 propius
985 1558 1122 1618 hostium
1138 1557 1259 1631 castris,

205 1686 244 1726 ex
266 1685 329 1744 quo
350 1671 383 1725 et
403 1666 590 1725 Macedones
611 1670 644 1724 et
664 1664 798 1724 Romani
820 1663 1015 1740 aquabantur
1037 1661 1202 1741 praesidiis
1222 1681 1260 1721 ex

206 1778 339 1848 utraque
367 1771 436 1848 ripa
471 1770 592 1848 positis,
621 1775 658 1829 nt
688 1769 722 1829 id
757 1769 861 1828 facere
889 1774 959 1828 tuto
992 1774 1129 1847 possent.
1172 1769 1261 1827 Duae

205 1876 350 1936 cohortes
372 1881 493 1953 aparte
515 1877 726 1934 Romanorum
752 1879 850 1949 erant,
873 1874 1053 1934 Marrucina
1068 1879 1101 1933 et
1120 1873 1260 1948 Peligna,

206 1981 286 2041 duae
321 1987 443 2040 turmae
478 1980 667 2040 Samnitium
705 1979 856 2056 equitum,
893 1979 1006 2056 quibus
1041 1983 1183 2055 praeerat
1208 1978 1260 2036 Μ’.
1281 1987 1310 2034 15

207 2086 334 2161 Sergius
361 2085 445 2145 Silus
472 2084 612 2161 legatus3
642 2091 674 2145 et
700 2083 788 2144 aliud
808 2103 865 2162 pro
889 2083 1001 2144 castris
1023 2083 1174 2143 stativum
1195 2088 1262 2142 erat

207 2190 399 2269 praesidium
427 2190 486 2251 sub
510 2191 544 2251 (i.
573 2190 685 2251 Cluvio
708 2190 821 2267 legato,
845 2195 910 2250 tres
938 2189 1090 2263 cohortes,
1115 2189 1263 2247 Firmana

207 2295 341 2357 Vestina
365 2294 592 2370 Cremonensis,
608 2296 688 2355 duae
711 2300 834 2355 turmae
855 2295 1007 2372 equitum,
1022 2294 1207 2353 Placentina
1231 2298 1263 2352 et

207 2400 390 2461 Aesernina.
416 2401 495 2462 Cum
507 2400 605 2459 otium
618 2401 656 2460 ad
666 2399 782 2460 flumen
797 2405 879 2460 esset
893 2399 1014 2459 neutris
1028 2399 1262 2473 lacessentibus,

207 2506 285 2566 hora
302 2505 427 2566 circiter
443 2524 527 2564 nona
550 2505 726 2564 iumentum
742 2525 758 2565 e
773 2505 917 2565 manibus
931 2503 1106 2565 curantium
1123 2503 1263 2581 elapsum
1283 2521 1312 2567 20

208 2611 241 2671 in
263 2610 444 2671 ulteriorem
465 2610 567 2688 ripam
588 2610 708 2686 effugit.
752 2610 842 2680 Quod
864 2629 933 2670 cum
955 2629 1010 2687 per
1032 2628 1145 2686 aquam
1165 2609 1263 2668 ferme

209 2735 307 2792 genus
321 2720 414 2776 tenus
439 2715 537 2776 altam
560 2721 625 2776 tres
639 2715 757 2774 milites
773 2721 985 2793 sequerentur,
1002 2714 1138 2774 Thraces
1154 2714 1215 2773 duo
1230 2714 1263 2774 id

208 2821 384 2880 iumentum
405 2839 444 2879 ex
467 2821 570 2881 medio
589 2820 679 2880 alveo
698 2819 732 2879 in
746 2839 834 2880 suam
849 2820 949 2898 ripam
962 2819 1149 2879 trahentes*
1165 2819 1264 2879 altero

208 2945 315 2986 eorum
338 2927 439 2986 occiso
460 2931 648 3004 receptoque
670 2925 809 2985 iumento
830 2925 872 2985 ad
893 2924 1061 2985 stationem
1083 2943 1207 2984 suorum
1231 2943 1263 2984 se

208 3030 410 3108 recipiebant.
440 3030 697 3107 Octingentorum
709 3031 866 3090 Thracum
881 3029 1072 3108 praesidium
1080 3029 1111 3088 in
1124 3029 1264 3090 iiostium
1284 3047 1313 3092 aa

209 3135 278 3213 ripa
306 3141 381 3196 erat.
424 3137 474 3195 Ex
495 3136 545 3196 his
567 3135 660 3214 pauci
681 3135 791 3215 primo,
809 3154 899 3210 aegre
920 3134 1005 3214 passi
1026 3134 1209 3212 popularem
1231 3135 1264 3193 in

209 3260 266 3301 suo
294 3247 463 3319 conspectu
491 3260 624 3316 caesum,
647 3242 687 3302 ad
706 3241 938 3319 persequendos
964 3240 1182 3300 interfectores
1210 3239 1265 3299 flu-

208 3345 296 3405 rium
318 3346 508 3423 transgressi
524 3352 608 3422 sunt,
623 3346 696 3406 dein
711 3346 827 3424 plures,
842 3351 1001 3423 postremo
1015 3364 1132 3420 omnes,
1147 3352 1263 3406 etcum

209 3451 376 3529 praesidio.
392 3497 399 3509 .
416 3500 422 3513 .
439 3497 444 3510 .

251 3601 257 3614 .
280 3601 288 3614 .
310 3603 316 3615 .
339 3557 492 3633 proelium
515 3557 611 3616 ducit.
662 3557 811 3617 Movebat
835 3556 960 3635 imperii
984 3557 1141 3632 maiestas,
1165 3557 1265 3633 gloria
1283 3577 1313 3622 30

210 3660 280 3734 viri,
296 3667 369 3721 ante
384 3661 490 3720 omnia
503 3667 598 3737 aetas,
614 3663 698 3740 quod
715 3663 814 3722 maior
829 3662 996 3738 sexaginta
1010 3663 1100 3723 aunis
1114 3663 1262 3721 iuvenum

210 3766 317 3826 munia
338 3765 372 3825 in
395 3772 485 3844 parte
510 3767 678 3844 praecipua
705 3765 821 3827 laboris
848 3767 1042 3845 periculique
1070 3766 1263 3844 capessebat.
