3038 4278
209 345 211 350 .
280 304 326 374 38
602 316 727 374 carm
751 316 1001 374 srurcmous

280 487 541 566 impediebantur,
557 489 612 548 sed
633 489 754 566 quode
775 492 910 548 turribus
925 489 1096 566 pugnantis
1117 489 1157 548 ad
1179 488 1333 567 ancipites

279 594 437 672 utrimque
459 594 540 654 ictus
563 593 718 654 subiectos
739 594 897 655 habebant
921 595 1090 668 Romanos,
1112 601 1148 654 ut
1169 594 1269 655 latera
1290 595 1334 654 in-

278 700 410 760 festiora
420 699 625 760 subeuntibus
637 719 730 776 quam
742 701 875 760 adversa
885 719 1014 778 corpora
1028 709 1143 761 essent,
1188 700 1233 759 At
1245 707 1333 778 parte

278 805 312 864 in
336 805 400 866 alia
427 805 608 884 quingentis
632 811 664 864 et
689 825 744 883 per
767 811 912 882 stagnum
936 805 1041 866 facilis
1064 805 1218 867 transitus
1243 811 1275 866 et
1299 806 1333 864 in

244 921 258 965 t
279 930 400 970 murum
416 929 564 972 aseensus
579 910 652 971 inde
667 911 745 986 fuit;
767 931 840 972 nam
855 929 957 990 neque
972 929 1065 989 opere
1079 911 1238 972 emunitus
1254 917 1332 986 erat,

279 1023 313 1075 ut
334 1016 388 1076 ubi
409 1015 510 1094 ipsius
531 1015 592 1076 loci
615 1034 649 1076 ac
672 1016 777 1092 stagni
798 1016 954 1095 praesidio
973 1016 1051 1076 satis
1070 1015 1223 1076 creditum
1240 1016 1331 1091 foret,

277 1141 334 1181 nec
359 1121 426 1182 ulla
449 1127 639 1182 armatorum
666 1122 762 1182 statio
786 1127 841 1182 aut
863 1122 1006 1182 custodia
1029 1122 1174 1199 opposita
1199 1121 1332 1181 intentis

277 1227 421 1288 omnibus
448 1226 488 1286 ad
513 1245 601 1305 opem
627 1245 664 1286 eo
688 1227 859 1301 ferendam,
884 1228 968 1287 unde
992 1226 1166 1305 periculum
1191 1227 1333 1287 ostende-

275 1332 376 1393 batur.
420 1330 485 1392 Ubi
506 1331 613 1391 urbem
637 1332 704 1391 sine
726 1332 896 1392 certamine
917 1332 1084 1407 intravere,
1100 1337 1236 1410 pergunt
1257 1330 1331 1390 inde

227 1453 257 1498 10
276 1443 395 1513 quanto
416 1436 554 1496 maximo
574 1456 667 1496 cursu
687 1442 832 1515 poterant
851 1437 892 1496 ad
911 1456 980 1496 eam
998 1443 1118 1514 portam
1139 1437 1222 1496 circa
1236 1455 1330 1514 quam

276 1560 367 1602 omne
395 1547 590 1602 contractum
618 1547 776 1602 certamen
804 1548 879 1602 erat.
931 1542 970 1600 In
999 1541 1081 1618 quod
1109 1542 1187 1602 adeo
1215 1541 1331 1600 intenti

276 1647 416 1706 omnium
436 1665 499 1706 non
520 1646 618 1706 animi
639 1647 739 1706 solum
761 1648 859 1712 fuere,
881 1647 1051 1707 sedetiam
1074 1647 1156 1706 oculi
1178 1664 1330 1724 auresque

275 1751 481 1830 pugnantium
503 1751 775 1830 spectantiumque
795 1757 827 1812 et
844 1751 1080 1811 adhortantium
1098 1751 1278 1829 pugnantis,
1294 1758 1331 1811 ut

275 1875 366 1916 nemo
387 1863 460 1917 ante
482 1857 521 1917 ab
542 1863 630 1932 tergo
650 1856 783 1916 senserit
804 1863 926 1934 captam
949 1857 1066 1931 urbem,
1089 1875 1181 1934 quam
1207 1856 1271 1916 tela
1296 1857 1330 1915 in

229 1978 256 2022 m
275 1980 400 2022 aversos
418 1962 596 2021 inciderunt
613 1967 646 2020 et
662 1962 821 2039 utrimque
838 1961 1008 2038 ancipitem
1023 1961 1145 2021 hostem
1160 1961 1327 2022 habebant

275 2067 363 2126 Tunc
383 2067 519 2128 turbatis
541 2067 757 2126 defensoribus
780 2073 865 2126 metu
887 2072 919 2126 et
937 2066 1060 2126 moenia
1076 2073 1176 2143 capta,
1192 2072 1223 2126 et
1238 2073 1330 2144 porta

275 2173 361 2233 intus
376 2172 516 2249 forisque
531 2171 649 2249 pariter
660 2171 793 2246 refringi
807 2177 934 2249 coepta3
956 2177 988 2231 et
1003 2191 1075 2230 mox
1089 2171 1245 2232 caedendo
1259 2190 1330 2230 con-

274 2277 367 2337 fectis
389 2296 424 2337 ac
446 2277 617 2351 distractis,
632 2295 671 2336 ne
693 2277 753 2336 iter
774 2277 979 2354 inpediretur,
997 2277 1118 2337 foribus
1140 2277 1252 2337 armati
1273 2276 1329 2336 im-

275 2388 381 2460 petum
397 2383 548 2442 fecerunt.
593 2383 711 2458 Magna
724 2381 895 2441 multitudo
910 2387 942 2441 et
957 2399 1062 2441 muros
1076 2382 1327 2457 transcendebat,

225 2502 255 2546 ro
274 2489 329 2548 sed
356 2487 380 2546 ii
408 2488 527 2564 passim
554 2489 594 2546 ad
623 2487 748 2546 caedem
777 2487 1003 2565 oppidanorum
1033 2487 1134 2561 versi3
1163 2486 1220 2546 illa
1247 2505 1327 2563 quae

273 2599 394 2670 portam
410 2593 552 2669 ingressa
565 2598 632 2652 erat
647 2592 732 2652 iusta
747 2591 829 2652 ecies
840 2610 911 2651 oum
926 2592 1067 2666 ducibus,
1079 2610 1149 2650 cum
1165 2592 1327 2652 ordinibus

206 2700 210 2712 ‘
273 2698 377 2758 media
404 2697 479 2757 urbe
504 2715 604 2775 usque
626 2696 785 2756 inferum
809 2697 969 2775 prooessit.
1013 2697 1092 2757 Inde
1112 2716 1181 2756 cum
1204 2698 1327 2758 duobus

273 2803 437 2863 itineribus
466 2801 619 2879 fugientis
648 2802 770 2861 videret
797 2801 908 2876 hostis,
933 2801 1012 2862 alios
1041 2803 1081 2862 ad
1108 2802 1264 2862 tumulum
1292 2803 1328 2862 in

273 2908 425 2968 orientem
440 2925 565 2967 versum
581 2907 636 2985 qui
650 2906 815 2966 tenebatur
830 2907 1072 2985 quingentorum
1086 2906 1224 2966 militum
1241 2927 1328 2985 prae-

224 3025 254 3070 25
274 3013 363 3088 sidio,
386 3012 464 3072 alios
484 3011 516 3070 in
540 3029 640 3071 arcem
664 3011 697 3070 in
718 3031 813 3088 quam
835 3017 867 3072 et
888 3011 955 3089 ipse
977 3013 1071 3088 Mago
1092 3031 1162 3071 cum
1181 3013 1327 3073 omnibus

273 3119 339 3178 fere
354 3117 484 3177 armatis
499 3117 554 3194 qui
568 3117 666 3177 muris
681 3117 767 3195 pulsi
784 3117 912 3177 fuerant
928 3117 1097 3194 refugerat,
1112 3118 1227 3195 partim
1246 3119 1328 3196 copi-

272 3241 362 3283 arum
390 3222 430 3282 ad
458 3221 614 3282 tumulum
643 3223 884 3300 expugnandum
914 3222 1023 3297 mittit,
1048 3222 1164 3300 Partim
1189 3203 1257 3301 ipse
1286 3224 1327 3284 ad

273 3345 373 3388 arcem
390 3327 484 3387 ducit.
527 3328 570 3387 Et
584 3327 726 3387 tumulus
739 3327 840 3405 primo
855 3327 975 3404 impetu
990 3333 1038 3387 est
1052 3334 1174 3405 captus,
1186 3333 1218 3388 et
1232 3329 1327 3404 Mago

272 3451 374 3494 arcem
394 3438 523 3494 conatus
543 3433 721 3508 defendere,
737 3453 807 3493 cunr
825 3434 930 3493 omnia
943 3433 1081 3493 hostium
1097 3433 1189 3510 plena
1204 3433 1327 3494 videret

223 3549 253 3595 ac
272 3557 373 3616 neque
389 3557 476 3616 spem
495 3537 591 3598 ullam
611 3557 687 3614 esse,
703 3558 737 3599 se
755 3557 918 3616 arcemque
936 3545 967 3598 et
983 3539 1175 3616 praesidium
1193 3539 1324 3600 dedidit.

272 3645 380 3715 Quoad
401 3644 509 3704 dedita
530 3662 586 3703 arx
608 3651 666 3719 est,
682 3645 792 3704 caedes
814 3650 882 3704 tota
902 3645 977 3704 urbe
999 3645 1115 3721 passim
1138 3644 1251 3720 factae,
1268 3664 1326 3706 nec

272 3750 330 3810 ulli
352 3750 503 3827 puberum
526 3749 581 3827 qui
603 3749 713 3809 obvius
734 3750 798 3808 fuit
820 3751 1021 3827 parcebatur3
1050 3755 1117 3808 tum
1140 3750 1229 3826 signo
1251 3751 1326 3812 dato
