3058 4284
561 391 747 449 Croesos
771 390 954 446 LETTERS
1219 380 1281 446 lll

148 585 150 588 ·
230 567 269 626 de
292 565 427 640 flamma,
452 564 599 624 deferre
625 563 724 642 (nosti
745 562 819 624 illas
841 565 1004 642 ληκύθους),
1030 563 1122 623 valde
1146 562 1285 639 graviter

229 671 397 752 pertexuit.
439 669 607 730 Proximus
620 668 805 747 Pompeium
821 669 977 730 sedebam.
1022 669 1171 729 Intellexi
1189 669 1285 728 bomi-

229 797 301 838 nem
325 774 455 851 moveri,
476 776 624 837 Crassum
649 774 728 834 inire
749 794 817 834 eam
839 775 972 850 gratiam
994 794 1090 853 quam
1110 775 1178 852 ipse
1200 793 1283 852 prae-

229 882 427 956 termisisset,
457 899 497 940 an
519 899 593 941 esse
620 886 726 940 tantas
751 899 801 939 res
825 887 949 940 nostras
977 898 1056 957 quae
1082 885 1147 939 tam
1171 879 1283 940 libenti

229 993 341 1049 666616
356 986 569 1061 laudarentur,
585 985 625 1046 ab
639 1003 676 1045 eo
689 985 874 1063 praesertim
890 985 945 1063 qui
959 985 1039 1043 mihi
1054 984 1178 1044 laudam
1195 984 1282 1044 illam
1302 1002 1318 1046 6

229 1112 266 1153 66
279 1093 385 1152 minus
401 1092 528 1151 deberet
544 1089 628 1167 quod
642 1090 720 1150 meis
734 1088 880 1150 omnibus
898 1089 1015 1149 litteris
1037 1089 1070 1148 in
1091 1089 1284 1167 Pompeiana

229 1198 322 1258 laude
337 1197 523 1275 perstrictus
538 1201 629 1256 essct.
674 1195 737 1254 Hic
752 1195 820 1255 dies
835 1214 884 1254 me
899 1195 991 1255 valde
1003 1195 1116 1255 Crasso
1127 1195 1282 1269 adiunxit,

229 1308 380 1363 ettamen
402 1302 442 1362 ab
462 1300 519 1360 illo
537 1307 644 1379 aperte
665 1306 748 1360 tecte
769 1301 920 1378 quicquid
941 1307 989 1361 est
1010 1302 1128 1376 datum,
1149 1299 1283 1360 libenter

229 1408 343 1486 accepi.
386 1408 453 1483 Ego
465 1412 570 1466 autem
581 1405 652 1483 ipsi,
667 1405 701 1465 di
715 1405 806 1466 boni!
829 1425 890 1484 quo
904 1407 997 1466 modo
1011 1409 1283 1486 ἐνεπερπερευσάμην

229 1532 309 1572 novo
338 1511 474 1574 auditori
501 1511 668 1588 Pompeio!
726 1511 760 1570 Si
792 1531 942 1589 umquam
976 1511 1057 1571 mihi
1090 1512 1219 1590 περίοδοι,
1255 1510 1332 1571 6116

229 1620 341 1696 καμπαί,
373 1617 401 1678 sl
433 1618 619 1694 ἐνθυμήματα,
651 1616 679 1676 sl
710 1619 875 1677 κατασκευαὶ
906 1617 1198 1694 suppeditaverunt,
1226 1614 1282 1675 illo

229 1729 378 1801 tempore.
433 1721 517 1793 Quid
551 1721 675 1781 multa?
725 1721 885 1782 clamores.
941 1722 1069 1782 Etenim
1104 1722 1181 1782 haec
1216 1727 1283 1781 erat

228 1829 369 1902 ὑπόθεσις,
385 1827 422 1886 (16
438 1825 593 1902 gravitate
608 1825 737 1902 ordinis,
753 1826 792 1885 (16
807 1826 946 1904 equestri
961 1827 1133 1902 concordia,
1156 1827 1193 1886 (16
1215 1845 1283 1886 666-

229 1933 372 1994 sensione
387 1930 511 2006 ltaliae,
526 1931 565 1990 de
584 1931 800 1991 intermortuis
821 1930 965 2008 reliquiis
987 1933 1221 2007 coniurationis,
1243 1932 1282 1991 de

228 2038 362 2114 vilitate,
378 2037 416 2097 de
433 2037 506 2097 otio.
550 2036 645 2096 Nosti
659 2037 766 2096 iamin
783 2037 842 2096 bac
856 2037 988 2098 materia
1008 2038 1128 2098 sonitus
1148 2043 1280 2098 nostros.
1303 2049 1331 2094 15

229 2143 323 2204 Tanti
337 2144 467 2203 fuerunt
480 2148 517 2202 61
532 2161 588 2218 ogo
609 2160 645 2202 eo
666 2141 787 2201 brevior
809 2142 868 2202 sim
890 2143 973 2220 quod
994 2162 1046 2203 eos
1067 2161 1167 2221 usque
1188 2143 1283 2203 istinc

228 2249 392 2309 exauditos
408 2254 525 2326 putem.

267 2355 428 2414 Romanae
443 2360 548 2414 autem
564 2372 596 2414 se
611 2372 660 2414 666
673 2353 718 2414 616
733 2353 858 2414 habent.
902 2354 1035 2414 Senatus
1054 2354 1164 2433 Ἀρειος
1178 2357 1281 2434 wulpem

227 2457 309 2522 nihil
333 2459 540 2534 constantine,
561 2457 643 2517 nihil
666 2459 815 2535 severius,
836 2457 919 2518 nihil
941 2458 1064 2519 fortius.
1107 2460 1281 2520 Nemeum

227 2563 295 2624 dies
324 2563 463 2624 venisset
484 2563 640 2639 rogationi
661 2582 700 2623 ex
721 2570 847 2625 6666166
870 2564 1014 2624 66666116
1035 2565 1192 2640 ferendae,
1215 2583 1283 2625 con·
1301 2581 1331 2626 ac

227 2669 395 2730 cursabant
409 2668 568 2729 barbatuli
583 2669 722 2744 iuvenes,
737 2675 824 2730 16166
844 2669 898 2729 1116
919 2689 995 2746 grex
1018 2670 1183 2746 Catilinae,
1205 2671 1281 2730 duce

227 2773 326 2834 filiola
347 2773 492 2835 Curionis
514 2781 546 2833 et
567 2773 717 2851 populum
740 2780 775 2834 61
796 2775 976 2852 antiquaret
1003 2776 1162 2852 rogabant.
1205 2777 1281 2838 Piso

226 2884 332 2939 autem
346 2879 454 2939 666661
468 2878 550 2938 16166
565 2878 736 2954 rogationis
757 2879 841 2938 idem
862 2887 930 2940 erat
951 2880 1119 2942 dissuasor.
1162 2883 1281 2961 Operae

227 2984 398 3045 Clodianae
412 2989 524 3062 pontes
540 2989 737 3062 occuparant,
752 2984 887 3045 tabellae
903 2985 1163 3047 ministrabantur
1182 2988 1228 3048 116
1247 2994 1282 3048 61

226 3089 315 3149 66116
330 3089 458 3149 (1666166
473 3094 481 3124 ‘
490 3107 546 3148 vrr
561 3089 688 3149 nouus!
730 3088 794 3148 Hic
807 3089 868 3149 tibi
882 3094 915 3150 iu
929 3096 1031 3152 rostra
1048 3093 1127 3152 Cato
1144 3092 1279 3168 advolat,
1300 3104 1329 3150 an

227 3193 402 3254 convicium
425 3193 537 3254 Pisoni
562 3193 684 3254 6666611
708 3193 875 3254 mirificum
896 3197 982 3272 facit,
1006 3197 1033 3258 si
1055 3197 1089 3256 id
1109 3203 1159 3257 661
1180 3198 1281 3258 convi-

227 3299 319 3374 cium,
334 3318 396 3359 vox
411 3299 505 3377 plena
520 3299 694 3375 gravitatis,
710 3299 804 3377 plena
814 3302 1020 3376 auctoritatis,
1032 3301 1126 3380 plena
1145 3302 1280 3381 donique

227 3403 347 3464 6616116.
399 3403 533 3464 Α666(111
561 3405 669 3464 eodem
698 3404 793 3464 etiam
822 3412 929 3466 noster
956 3407 1157 3483 Hortensius,
1187 3409 1280 3469 multi

226 3515 388 3587 praeterea
415 3509 502 3585 boni3
540 3509 675 3586 insignis
703 3529 776 3569 vero
804 3529 898 3588 opera
931 3513 1050 3573 Favoni
1081 3514 1153 3574 fuit.
1210 3515 1281 3575 Hoc

226 3632 378 3675 concursu
394 3614 594 3693 optimatium
613 3613 740 3675 comitia
758 3615 972 3693 dimittuntur,
994 3627 1120 3680 senatus
1141 3625 1279 3680 vocatur.
1300 3631 1330 3676 ao

227 3720 305 3781 Cum
318 3720 536 3779 decerneretur
550 3719 709 3796 frequenti
725 3728 836 3779 senatu
851 3727 959 3782 contra
979 3731 1138 3800 pugnante
1156 3725 1280 3800 Pisone,

226 3825 266 3885 ad
280 3825 375 3903 pedes
392 3825 530 3884 omniurn
553 3823 739 3900 singillatim
762 3824 917 3886 accidenti
939 3827 1058 3904 Clodio,
1080 3835 1116 3889 61
1137 3829 1280 3890 66666166
