3038 4278
265 312 287 380 8
594 324 719 380 LA'l'IN
743 323 993 382 subactione

264 495 347 555 fame
373 495 499 556 domare
522 495 649 570 vellent,
675 495 744 575 ipsa
766 515 829 557 una
857 497 996 558 membra
1017 501 1181 576 totumque
1206 517 1318 577 eorpus

264 600 305 660 ad
323 604 495 660 extremam
514 601 618 661 tabern
638 601 770 662 venisse.
812 601 891 662 Inde
912 602 1097 680 apparuisse
1111 603 1231 664 ventris
1247 622 1319 681 que

264 723 325 782 que
352 705 438 765 haud
466 724 560 782 segne
590 704 800 766 ministerium
829 725 907 782 esse,
934 725 993 768 nee
1025 707 1125 784 magis
1153 708 1197 768 ali
1224 726 1318 786 quam

264 808 347 870 alere
371 829 442 870 eum
465 811 647 872 reddentem
668 811 702 870 in
725 811 825 872 omnis
845 812 983 890 eorporis
1008 819 1114 890 partes
1139 812 1232 888 hune,
1255 833 1318 891 quo

229 892 400 976 drivimus
428 916 642 993 vigemusque,
671 916 808 977 divisum
837 917 955 994 pariter
983 917 1015 976 in
1038 935 1136 979 venas
1159 923 1317 978 maturum

263 1020 407 1081 eonfeeto
439 1021 510 1081 eibe
541 1020 734 1097 sanguinem.
788 1021 996 1099 Cenparando
1033 1022 1116 1099 hine,
1146 1041 1240 1100 quam
1273 1023 1318 1082 in-

263 1124 381 1186 testina
401 1125 539 1204 eorporis
559 1126 674 1186 seditio
693 1125 807 1187 similis
830 1133 914 1188 esset
935 1126 999 1188 irae
1021 1126 1123 1206 plebis
1145 1129 1179 1187 in
1200 1134 1316 1206 patres,
1341 1135 1344 1138 '

263 1228 388 1291 flexisse
410 1237 530 1292 mentes
551 1231 724 1293 hominum.

303 1336 366 1411 Agi
401 1336 515 1396 deinde
551 1337 590 1396 de
626 1336 790 1397 eoncordia
824 1343 978 1415 coeptum,
1008 1356 1252 1416 eoneessumque
1285 1342 1317 1400 in

214 1452 243 1497 10
262 1441 469 1516 condiciones,
498 1447 534 1501 ut
560 1441 645 1519 plebi
674 1441 724 1502 sui
751 1442 955 1520 magistratus
983 1449 1089 1504 essent
1116 1445 1315 1520 sacrosancti,

262 1546 377 1624 quibus
406 1545 517 1606 auxilii
545 1546 623 1606 latin
647 1548 797 1608 adversus
820 1547 963 1608 eonsules
986 1553 1078 1623 esset,
1093 1567 1172 1608 neve
1194 1549 1244 1608 eui
1265 1568 1317 1627 pa-

244 1656 345 1711 trum
367 1670 477 1729 capere
497 1670 567 1712 eum
591 1652 809 1728 magistratum
837 1650 952 1713 lieeret.
997 1654 1050 1714 Ita
1071 1652 1191 1713 tribuni
1214 1653 1315 1731 plebei

262 1757 359 1817 ereati
386 1757 457 1832 due,
486 1757 519 1818 C.
547 1756 690 1816 Lieinius
718 1764 750 1817 et
782 1759 818 1816 L.
846 1756 992 1818 Albinus.
1035 1757 1065 1817 Ii
1090 1763 1154 1817 tres
1178 1758 1315 1835 collegas

262 1860 323 1921 sibi
350 1866 542 1922 creaverunt.
592 1863 631 1920 In
659 1861 710 1922 his
739 1861 892 1922 Sicinium
920 1862 1021 1922 fuisse
1051 1862 1217 1924 seditionis
1246 1881 1315 1924 aue·

215 1979 243 2024 15
261 1973 380 2042 torem;
409 1967 448 2026 de
470 1967 590 2026 duobus
614 1967 669 2044 qui
687 1966 808 2027 fuerint
829 1967 934 2028 minus
955 1968 1111 2027 convenit.
1155 1967 1236 2028 Sunt
1258 1968 1313 2045 qui

261 2072 339 2134 duos
362 2077 487 2132 tantum
509 2071 543 2131 in
565 2072 658 2133 Saere
678 2077 783 2132 monte
805 2077 925 2133 creatos
946 2072 1090 2133 tribunos
1111 2091 1181 2133 esse
1197 2073 1314 2148 dicant,

261 2177 367 2255 ibique
389 2184 541 2238 sacratam
562 2177 661 2252 legem
685 2177 791 2238 latam.
815 2223 821 2236 .
845 2223 851 2236 .
875 2223 882 2237 .

300 2283 420 2342 Eodem
441 2301 523 2342 anno
537 2282 680 2360 Agrippa
693 2282 859 2343 Menenius
879 2283 1019 2359 moritur,
1034 2282 1085 2343 vir
1102 2284 1187 2344 omni
1202 2284 1234 2343 in
1249 2288 1315 2345 vita

260 2387 379 2466 pariter
393 2387 536 2466 patribus
547 2406 583 2448 ae
597 2386 682 2465 plebi
696 2405 795 2462 earus,
811 2394 883 2465 post
897 2389 1103 2449 secessionem
1118 2389 1218 2449 earior
1229 2389 1313 2466 plebi

211 2502 242 2548 ao
260 2494 372 2553 faetus.
415 2493 500 2552 Huic
511 2492 677 2572 interpreti
688 2492 867 2570 arbitroque
879 2493 1062 2554 eoneordiae
1073 2493 1314 2571 nivium,legate

260 2603 385 2675 patrum
410 2597 451 2656 ad
478 2597 610 2675 plebem,
639 2597 796 2657 reductori
824 2597 926 2675 plebis
954 2599 1115 2658 Romanae
1142 2597 1177 2657 in
1204 2599 1312 2659 urbem

261 2707 405 2780 sumptus
420 2702 525 2762 funeri
539 2701 651 2762 defuit.
693 2701 820 2762 Extulit
833 2721 904 2763 eum
925 2701 1015 2781 plebs
1030 2702 1228 2764 sextantibus
1242 2721 1312 2763 eon-

260 2805 334 2868 latis
356 2807 390 2867 in
410 2807 523 2888 capita.
1296 2834 1298 2838 ⁷

545 3009 596 3061 rae
615 3009 878 3063 Valerio-Horatiae
890 3011 978 3062 Laws.

299 3125 361 3186 Per
396 3125 582 3202 interregem
619 3125 732 3186 deinde
771 3126 915 3187 eonsules
953 3125 1052 3187 ereati
1089 3127 1125 3187 L.
1165 3125 1311 3189 Valerius

212 3240 241 3286 25
260 3231 304 3290 M.
324 3231 486 3306 Horatius,
504 3231 558 3308 qui
578 3230 735 3308 extemplo
758 3231 977 3309 magistratum
998 3237 1191 3310 oeeeperunt.
1234 3231 1311 3302 Que-

260 3355 329 3395 rum
356 3336 536 3396 consulatus
564 3335 725 3413 popularis
759 3336 825 3396 sine
853 3336 920 3397 ulla
948 3343 1073 3415 patrum
1101 3337 1226 3412 iniuria,
1254 3354 1311 3396 nee

260 3440 328 3501 sine
355 3441 526 3501 offensione
547 3441 627 3500 fuit:
658 3441 812 3519 quidquid
832 3443 916 3503 enim
940 3440 1081 3502 libertati
1102 3443 1204 3520 plebis
1225 3459 1311 3502 eave

259 3551 355 3621 retur,
370 3546 404 3605 id
418 3546 482 3606 suis
498 3546 646 3607 deeedere
657 3546 767 3625 opibus
782 3548 957 3608 eredebant.
1001 3547 1150 3608 Omnium
1164 3546 1309 3625 primum,

260 3669 330 3710 eum
355 3650 443 3711 velut
465 3651 499 3710 in
523 3657 721 3712 controverso
748 3653 815 3711 iure
840 3659 932 3728 esset,
955 3658 1177 3713 tenerenturne
1206 3657 1310 3731 patres

211 3773 242 3819 ³0
260 3756 345 3834 plebi
380 3756 477 3832 scitis,
506 3756 606 3833 legem
639 3756 823 3818 centuriatis
854 3758 989 3818 comitiis
1024 3757 1135 3833 tulere,
1164 3764 1200 3836 ut
1227 3755 1310 3834 quod
