3058 4284
274 319 339 388 128
599 331 725 389 LATIN
749 332 999 390 SllLllCTIONS

271 508 398 581 propter
412 502 647 580 occupationem
658 503 818 581 adspirare
833 522 895 563 uon
910 510 1049 582 possunt
1093 505 1153 566 Sed
1163 511 1199 566 tu
1213 506 1247 565 in
1261 504 1324 566 ista

272 607 409 686 epistula
422 608 503 667 nihil
526 607 604 667 mihi
620 608 776 686 scripsisti
799 609 836 668 de
851 609 916 670 tuis
931 609 1023 670 rebus
1045 628 1124 687 quae
1146 610 1323 672 mehercule

272 713 350 772 mihi
366 733 427 772 uon
442 713 555 772 minori
577 731 669 773 curae
690 719 765 773 sunt
786 732 881 791 quam
902 731 996 774 meae.
1039 715 1140 776 Valde
1156 722 1269 792 metuo,
1284 734 1323 776 ne

271 819 388 894 frigeas
399 819 434 878 in
445 818 594 879 hibernis.
638 817 738 889 Quam
749 818 789 878 ob
798 837 861 878 rem
873 818 994 878 camino
1003 818 1162 880 luculento
1173 821 1324 881 utendum

239 939 382 984 coenseo
404 923 501 1003 (idem
523 923 629 984 Mucio
650 929 683 983 et
711 923 845 983 Manilio
867 923 1034 1004 placebat),
1057 925 1241 1002 praesertim
1269 925 1324 1003 qui

273 1029 355 1105 sagis
369 1047 432 1087 uon
446 1028 630 1090 abundares.
671 1029 865 1106 Quamquam
878 1047 932 1090 vos
947 1047 1030 1089 nunc
1043 1029 1117 1090 istic
1133 1031 1209 1092 satis
1224 1030 1325 1091 calere

272 1133 382 1210 audi03
404 1153 466 1211 quo
481 1133 609 1211 quidem
623 1134 735 1194 nuntio
750 1133 842 1193 valde
861 1133 1036 1194 mehercule
1051 1135 1090 1194 de
1104 1141 1135 1195 te
1149 1135 1324 1196 timueram.

273 1239 335 1300 Sed
348 1244 384 1299 tu
399 1239 433 1298 iu
442 1258 475 1299 re
491 1239 620 1299 militari
629 1239 729 1298 multo
743 1257 776 1300 es
790 1239 911 1299 cautior
921 1257 1013 1316 quam
1026 1239 1060 1299 in
1070 1241 1325 1301 advocationibus

273 1345 328 1423 qui
348 1362 449 1422 neque
470 1344 504 1403 in
521 1343 643 1404 Oceano
663 1350 773 1404 natare
793 1343 939 1419 volueris,
962 1344 1212 1406 studiosissimus
1233 1345 1326 1405 bomo

226 1466 255 1511 10
273 1449 413 1525 natandi,
428 1467 529 1526 neque
544 1454 686 1527 spectare
706 1448 888 1525 essedarios,
904 1467 996 1526 quem
1011 1455 1157 1510 anteana
1172 1450 1327 1510 andabata

274 1555 401 1632 quidem
415 1554 601 1615 defraudare
616 1560 803 1632 poteramus.
848 1553 909 1614 sed
929 1554 992 1614 iam
1008 1554 1085 1615 satis
1100 1555 1195 1615 iocati
1209 1573 1325 1616 sumus.

314 1661 381 1736 Ego
403 1660 440 1719 de
461 1666 494 1720 te
508 1660 548 1721 ad
570 1660 733 1721 Gaesarem
756 1678 848 1736 quam
872 1658 1040 1734 diligenter
1062 1660 1242 1738 scripserim
1259 1665 1327 1719 tute

275 1765 345 1838 scis,
368 1784 461 1843 quam
483 1783 583 1842 saepe,
606 1783 680 1842 eg03
704 1763 759 1824 sed
776 1763 951 1824 mehercule
966 1764 1030 1823 iam
1044 1763 1273 1825 intermiseram
1289 1783 1327 1825 ue

275 1870 399 1931 viderer
415 1870 628 1930 liberalissimi
647 1869 784 1929 hominis
802 1869 925 1947 meique
941 1868 1152 1930 amantissimi
1169 1869 1328 1930 voluntati

228 1989 256 2036 15
275 1993 349 2051 erga
362 1994 411 2035 me
426 1973 574 2035 diffidere.
618 1974 680 2035 Sed
693 1981 799 2034 tamen
820 1974 861 2034 iis
875 1974 992 2034 litteris
1007 1993 1085 2052 quas
1099 1973 1241 2053 proxime
1256 1975 1328 2036 dedi

275 2081 386 2160 putavi
407 2099 475 2141 esse
496 2080 653 2140 hominem
675 2079 942 2140 commonendum.
986 2079 1026 2138 Id
1047 2079 1128 2156 feci3
1157 2080 1235 2159 quid
1262 2098 1329 2158 pro

275 2186 404 2247 fecerim
419 2185 517 2246 facias
533 2204 581 2245 me
596 2184 690 2246 velim
706 2185 869 2245 certiorem
884 2190 917 2244 et
931 2183 1025 2244 simul
1040 2185 1078 2244 de
1092 2190 1160 2245 toto
1175 2190 1260 2246 statu
1274 2190 1330 2245 tuo

276 2291 478 2369 consiliisque
500 2291 661 2366 omuibus;
685 2291 764 2350 scire
785 2290 868 2350 euim
889 2289 982 2368 cupio
997 2291 1074 2368 quid
1088 2309 1172 2366 agas,
1188 2290 1266 2368 quid
1280 2309 1330 2350 ex-

277 2403 408 2476 spectes,
418 2415 512 2474 quam
522 2396 650 2473 longum
659 2396 755 2458 istum
768 2402 856 2456 tuum
869 2395 1043 2456 discessum
1054 2396 1174 2456 anobis
1186 2395 1330 2456 futurum

229 2514 258 2559 ac
277 2508 377 2580 putes.
420 2502 472 2562 Sic
500 2503 585 2562 euim
605 2501 664 2562 tibi
692 2501 880 2580 persuadeas
907 2501 1003 2560 velim
1031 2519 1128 2560 unum
1159 2500 1237 2562 mihi
1261 2519 1329 2562 esse

278 2607 437 2680 solacium,
458 2625 555 2684 quare
576 2606 702 2667 facilius
724 2605 841 2684 possim
864 2605 931 2684 pati
952 2612 985 2665 te
1006 2624 1074 2666 esse
1096 2606 1164 2666 sine
1186 2606 1286 2681 nobis,
1301 2606 1330 2667 si

277 2713 336 2773 tibi
352 2731 418 2773 esse
433 2712 467 2772 id
488 2711 697 2772 emolumento
713 2712 825 2788 sciam;
848 2711 897 2772 siu
919 2717 1023 2771 autem
1045 2711 1078 2770 id
1092 2730 1156 2770 nou
1176 2717 1233 2788 est,
1249 2710 1330 2770 nihil

278 2818 399 2878 duobus
414 2817 504 2878 nobis
519 2823 566 2883 est
588 2816 728 2892 stultius,
744 2835 793 2876 me
808 2816 863 2894 qui
884 2824 916 2877 te
930 2835 992 2876 nou
1015 2817 1148 2876 Romam
1163 2817 1329 2892 attraham,

277 2928 318 2998 ts,
333 2923 464 3001 quinon
479 2923 540 2982 huc
561 2921 699 2982 advolas.
745 2923 819 2982 Una
839 2920 1015 2982 mehercule
1036 2927 1143 2982 nostra
1156 2920 1208 2982 vel
1223 2940 1332 2982 severa

229 3038 259 3085 25
278 3027 328 3087 vel
343 3028 446 3087 iocosa
460 3027 638 3104 congressio
652 3026 752 3104 pluris
775 3027 835 3086 erit
856 3044 951 3104 quam
966 3045 1029 3086 uon
1043 3026 1135 3086 modo
1149 3026 1256 3087 hostes
1275 3026 1331 3086 sed

278 3132 374 3193 etiam
394 3132 508 3194 fratres
529 3131 630 3192 nostri
652 3131 787 3191 Haedui.
830 3131 931 3202 Quare
952 3130 1097 3192 omnibus
1119 3131 1157 3191 de
1173 3130 1264 3192 rebus
1279 3131 1331 3191 fac

278 3243 422 3315 utquam
436 3237 571 3315 primum
587 3237 692 3296 sciam.

419 3393 503 3452 ‘Aut
517 3390 707 3452 cdnsolaudo
721 3396 777 3451 aut
792 3389 922 3452 cdnsilio
936 3395 993 3450 aut
1007 3408 1040 3449 re
1055 3388 1182 3450 irivero!
