3058 4284
280 254 347 323 106
609 267 733 323 LA'rIN
758 265 1008 323 SELEC'PIONS

279 437 358 498 mihi
372 437 518 500 videatur
531 457 594 498 non
609 456 676 499 esse
692 437 823 500 ἀδύνατον
837 438 967 499 Curium
987 437 1148 500 obducere.
1192 438 1252 499 Sed
1274 438 1332 500 hoc

278 553 402 624 praeter
434 563 484 604 me
515 543 635 604 nemini
663 543 797 604 videtur.
839 543 966 605 Nostris
994 543 1168 606 rationibus
1196 544 1331 605 maxime

278 649 449 710 conducere
464 649 590 710 videtur
607 649 777 709 Thermum
795 649 864 710 fieri
883 668 952 710 curn
975 651 1116 711 Caesare.
1158 651 1262 711 Nemo
1282 657 1331 711 est

279 754 363 815 enim
378 773 416 814 ex
431 753 472 815 iis
487 753 542 833 qui
558 773 639 814 nuno
661 760 774 833 petunt
796 755 859 833 qui,
882 755 909 815 si
930 754 963 813 in
985 761 1128 814 nostrum
1150 774 1266 816 annum
1287 775 1331 816 re

245 860 401 935 eciderit,
422 860 541 919 firmior
562 858 749 921 candidatus
777 860 845 919 fore
873 860 1026 936 videatur,
1055 866 1221 939 propterea
1247 862 1331 938 quod

278 971 402 1026 curator
423 971 472 1026 est
493 965 562 1026 viae
583 964 766 1026 Flaminiae.
809 966 894 1036 Quae
916 971 983 1025 tum
1005 965 1066 1026 orit
1089 965 1233 1027 absoluta
1256 985 1330 1028 sane

278 1071 388 1147 facile,
424 1089 496 1131 eum
524 1069 659 1130 libenter
686 1090 770 1132 nunc
797 1070 923 1132 Caesari
955 1071 1114 1132 consulem
1145 1072 1330 1132 accuderim.

278 1176 453 1237 Petitorum
481 1175 558 1236 haec
586 1182 634 1236 est
662 1175 765 1236 adhuc
793 1176 964 1237 informata
991 1176 1148 1253 cogitatio.
1200 1177 1268 1237 Nos
1296 1177 1331 1236 in

278 1281 364 1342 omni
377 1299 505 1342 munere
524 1282 740 1342 candidatorio
757 1281 918 1359 fungendo
937 1301 1092 1342 summam
1113 1281 1331 1342 adhibebimus

230 1399 259 1444 10
278 1386 476 1464 diligentiam
496 1393 528 1447 et
549 1387 694 1463 fortasse,
714 1387 863 1465 quoniam
880 1387 1004 1447 videtur
1021 1387 1055 1447 in
1075 1387 1235 1465 suffragiis
1254 1386 1332 1446 mul·

277 1500 345 1554 tum
367 1511 459 1571 posse
479 1492 594 1568 Gallia,
615 1512 683 1554 curn
706 1493 825 1554 Romae
846 1511 865 1553 a
885 1491 1012 1554 iudiciis
1033 1493 1139 1553 forum
1159 1492 1329 1568 refrixerit,

278 1617 477 1659 excurremus
492 1617 598 1660 mense
614 1598 792 1677 Septembri
806 1598 904 1675 legati
918 1599 958 1659 ad
972 1597 1120 1658 Pisonem
1134 1604 1171 1658 ut
1182 1598 1330 1659 Ianuario

278 1712 480 1764 revertamur.
523 1703 602 1764 Cum
617 1721 805 1783 perspexero
820 1703 999 1763 voluntates
1013 1703 1176 1779 nobilium,
1196 1703 1330 1764 scribam

277 1811 317 1870 ad
337 1815 381 1870 te.
425 1810 537 1871 Cetera
565 1827 654 1888 spero
681 1809 806 1888 prolixa
832 1827 901 1870 esse
929 1809 979 1869 his
1008 1809 1174 1870 dumtaxat
1202 1808 1330 1869 urbanis

228 1927 257 1974 lo
277 1914 542 1993 competitoribus.
584 1914 680 1974 Illam
701 1933 829 1974 manum
849 1920 885 1974 tu
906 1912 987 1974 mihi
1014 1933 1089 1975 cura
1116 1919 1152 1973 ut
1178 1920 1329 1992 praestes,

277 2021 426 2098 quoniam
445 2020 574 2098 propius
594 2020 676 2094 abes,
694 2019 834 2097 Pompei,
854 2019 954 2080 nostri
974 2018 1076 2080 amici.
1118 2020 1210 2094 Nega
1231 2037 1279 2079 me
1300 2019 1330 2078 ei

277 2126 393 2186 iratum
414 2125 491 2200 fore,
513 2125 542 2185 si
563 2125 604 2185 ad
624 2142 694 2184 mea
718 2124 846 2185 comitia
866 2142 929 2183 non
951 2124 1082 2184 venerit.
1125 2122 1231 2202 Atque
1252 2124 1330 2184 haec

276 2230 470 2292 huiusmodi
487 2235 570 2290 sunt.

268 2393 270 2399 Α
318 2336 380 2397 Sed
407 2336 561 2414 estquod
583 2335 692 2396 abste
713 2335 795 2395 mihi
816 2335 937 2412 ignosci
957 2334 1119 2413 pervelim.
1162 2334 1328 2410 Caecilius,

228 2452 258 2497 ao
275 2440 450 2502 avunculus
465 2447 550 2516 tuus,
565 2459 584 2501 a
597 2441 632 2500 P.
649 2441 745 2501 Vario
759 2460 829 2501 cum
844 2459 958 2516 magna
971 2439 1104 2519 pecunia
1117 2439 1327 2515 fraudaretur,

276 2565 367 2623 agere
381 2546 485 2624 coepit
498 2564 569 2606 cum
584 2545 652 2606 eius
666 2546 765 2606 fratre
780 2545 818 2605 A.
834 2545 967 2606 Caninio
985 2545 1097 2624 Satyro
1117 2545 1156 2606 de
1173 2544 1214 2604 iis
1236 2545 1328 2605 rebus

276 2670 355 2729 quas
376 2671 445 2712 eum
468 2650 541 2711 dolo
562 2651 644 2711 malo
668 2651 823 2729 mancipio
844 2650 1002 2728 accepisse
1024 2651 1062 2710 de
1083 2649 1179 2710 Vario
1200 2649 1325 2710 diceret

277 2759 351 2820 Una
368 2757 501 2833 agebant
519 2756 615 2816 ceteri
635 2757 815 2831 creditoreS,
837 2756 871 2814 in
892 2756 1005 2834 quibus
1028 2762 1095 2816 erat
1115 2757 1152 2815 L.
1175 2754 1327 2815 Lucullus

277 2869 309 2923 et
322 2863 357 2922 P.
375 2861 481 2941 Scipio
494 2868 527 2922 et
541 2860 579 2936 ie,
601 2880 692 2938 quern
716 2861 872 2939 putabant
892 2861 1076 2938 magistrum
1098 2861 1176 2936 fore,
1198 2860 1226 2922 si
1247 2860 1329 2920 bona

227 2978 257 3024 ao
277 2967 429 3042 venirent,
451 2968 486 3026 L.
509 2966 651 3027 Pontius.
694 2967 811 3027 Verum
826 2967 885 3026 hoc
903 2966 1074 3026 ridiculum
1092 2972 1141 3026 est
1162 2966 1201 3026 de
1217 2965 1329 3041 magis·

275 3078 333 3132 tro.
375 3073 469 3133 Nunc
490 3091 640 3149 cognosce
662 3091 735 3132 rem.
779 3071 918 3149 Rogavit
938 3091 989 3132 me
1010 3071 1164 3133 Caecilius
1186 3077 1222 3131 ut
1243 3071 1328 3131 ades·

276 3196 341 3238 sem
356 3185 462 3238 contra
476 3178 632 3256 Satyrum.
645 3202 652 3214 ·
675 3178 752 3238 Dies
767 3179 834 3238 fere
848 3177 954 3238 nullus
969 3184 1018 3238 est
1033 3177 1111 3255 quin
1125 3177 1176 3236 hic
1195 3177 1327 3254 Satyrus

276 3284 402 3343 domum
417 3301 517 3343 meam
532 3283 684 3360 ventitat,
707 3285 852 3343 observat
867 3284 903 3344 L.
917 3283 1098 3343 ¹Domitium
1114 3281 1259 3356 maxime,
1277 3298 1326 3340 me

274 3389 369 3448 habet
383 3388 578 3467 proximum
601 3389 665 3449 fuit
679 3395 711 3449 et
725 3389 803 3448 mihi
818 3395 850 3448 et
868 3389 985 3460 Quinto
1006 3387 1101 3448 fratri
1121 3405 1234 3463 magno
1255 3386 1328 3447 usui

226 3501 256 3546 30
274 3493 308 3552 in
323 3493 439 3554 nostris
459 3493 672 3571 petitionibus.
717 3495 798 3555 Sane
820 3514 889 3554 sum
910 3494 1111 3574 perturbatus
1133 3511 1203 3552 cum
1225 3491 1327 3570 ipsius

275 3598 382 3677 Satyri
403 3598 621 3659 familiaritate
643 3606 712 3660 tum
733 3600 864 3676 Domiti,
886 3599 918 3659 in
942 3618 1003 3677 quo
1024 3618 1086 3658 uno
1108 3597 1244 3658 maxime
1266 3616 1327 3657 am·

274 3703 353 3764 bitio
373 3708 482 3764 nostra
501 3704 623 3765 nititur.
676 3705 900 3767 Demonstravi
921 3706 998 3765 haec
1020 3703 1158 3766 Caecilio
1179 3703 1273 3764 simul
1294 3707 1327 3764 et
