3038 4278
262 269 308 339 58
585 281 710 337 carru
735 279 984 338 sccnorrous

263 453 302 512 In
322 453 381 514 hoc
397 452 465 513 viro
483 459 574 514 tanta
595 453 642 514 vis
659 453 757 514 animi
778 452 960 531 ingeniique
978 452 1042 514 fuit
1056 459 1101 530 ut,
1121 471 1317 532 quocumque

262 557 330 618 loco
357 564 450 619 natus
475 563 567 633 esset,
590 559 750 618 fortunam
770 557 831 618 sibi
852 558 920 636 ipsc
944 557 1085 619 facturus
1109 558 1210 619 fuisse
1234 559 1319 618 vide-

262 669 356 723 retur.
398 663 498 724 Nulla
519 683 569 725 ars
591 683 693 741 neque
714 663 858 742 privatae
873 681 975 741 neque
994 662 1138 742 publicae
1154 664 1199 724 rei
1213 682 1319 740 geren-

261 769 320 829 dae
348 768 377 828 ei
405 769 525 828 defuit:
561 769 696 830 urbanas
725 769 920 846 rusticasque
949 788 998 829 res
1028 769 1146 848 pariter
1173 769 1316 830 callebat.

226 888 241 932 c
261 874 313 935 Ad
340 893 477 936 summos
504 874 638 935 honores
659 874 738 935 alios
760 873 892 935 scientia
913 873 1001 950 iuris,
1023 873 1102 936 alios
1127 873 1316 952 eloquentia,

260 979 339 1040 alios
362 979 463 1056 gloria
483 979 632 1040 multaris
653 980 813 1057 provexit:
836 979 909 1040 huic
929 979 1077 1040 versatile
1095 957 1256 1055 ingenium
1270 981 1317 1040 sic

260 1085 379 1163 pariter
400 1086 441 1145 ad
461 1086 566 1146 omnia
587 1085 658 1162 fuit,
674 1091 710 1145 ut
730 1092 841 1146 natum
865 1085 905 1146 ad
927 1085 960 1145 id
975 1104 1071 1145 unum
1087 1085 1207 1146 diceres
1222 1086 1317 1162 quod·

259 1208 393 1268 cumque
418 1196 539 1266 ageret:
568 1189 601 1248 in
630 1189 714 1250 bollo
741 1209 835 1250 manu
864 1191 1057 1252 fortissimus
1082 1190 1254 1268 multisque
1282 1191 1316 1250 in

260 1295 403 1371 signibus
418 1295 521 1356 clarus
541 1295 669 1374 pugnis;
695 1295 779 1355 idern
793 1301 961 1374 postquam
976 1296 1015 1356 ad
1030 1314 1159 1372 magnos
1182 1295 1315 1356 honores

211 1409 239 1454 ro
259 1401 412 1479 pervenit,
425 1419 566 1461 summus
580 1400 763 1479 imperator-3
780 1400 864 1460 idem
878 1401 912 1459 in
927 1419 1011 1478 pace,
1021 1399 1048 1461 si
1062 1400 1113 1461 ius
1126 1399 1314 1476 consuleres,

259 1505 482 1582 peritissimus,
498 1505 526 1565 si
545 1523 638 1566 causa
659 1505 777 1566 oranda
796 1511 888 1580 esset,
906 1505 1192 1583 eloquentissimus,
1210 1523 1267 1564 nec
1287 1505 1315 1565 is

258 1616 383 1671 tanturn
412 1611 501 1671 ouius
526 1610 635 1687 lingua
663 1611 737 1670 vivo
765 1629 802 1670 eo
831 1610 976 1687 viguerit,
999 1617 1235 1671 monumentum
1256 1609 1317 1669 elo

259 1716 406 1792 quentiae
422 1715 544 1775 nullum
559 1721 675 1775 exstet:
692 1715 774 1774 vivit
787 1715 884 1775 immo
893 1715 1041 1793 vigetque
1053 1715 1233 1792 eloquentia
1247 1715 1315 1776 eius

259 1827 382 1882 sacrata
403 1820 530 1898 scriptis
552 1821 653 1881 omnis
673 1821 804 1896 generis.
848 1820 1012 1881 Orationes
1032 1827 1064 1881 et
1078 1838 1134 1898 pro
1149 1839 1182 1881 se
1197 1819 1315 1880 multae

211 1934 239 1981 15
259 1931 291 1986 et
306 1944 362 2004 pro
381 1925 453 1986 aliis
468 1932 500 1985 et
518 1925 551 1984 in
568 1924 661 1986 alios:
683 1944 756 1986 narn
771 1944 833 1984 non
848 1925 948 1986 solum
961 1925 1136 1986 accusando
1151 1925 1315 1985 sedetiam

258 2049 385 2091 causam
399 2030 532 2090 dicendo
546 2030 695 2106 fatigavit
711 2029 862 2091 inimicos.
900 2030 1085 2091 Simultates
1096 2030 1194 2089 nimio
1208 2029 1315 2108 plures

259 2142 291 2197 et
312 2141 518 2196 exercuerunt
540 2154 610 2195 eum
630 2136 742 2214 etipse
763 2135 902 2195 exercuit
916 2153 985 2211 eas3
1008 2154 1065 2196 nee
1080 2135 1173 2195 facile
1188 2135 1315 2210 dixeris,

259 2249 364 2302 utrum
380 2242 479 2318 magis
494 2239 645 2318 presserit
659 2260 729 2300 eum
744 2240 903 2315 nobilitas,
919 2258 959 2300 an
974 2239 1029 2300 illc
1044 2239 1214 2317 agitaverit
1228 2240 1315 2300 nobi-

260 2346 392 2407 litatem.
434 2345 549 2423 Asperi
573 2345 681 2423 procul
704 2346 798 2405 dubio
822 2345 919 2405 animi
941 2351 974 2404 et
988 2345 1114 2422 linguae
1135 2346 1263 2434 acerbae
1284 2350 1316 2404 et

212 2460 242 2506 ao
260 2451 429 2512 immodice
449 2450 566 2511 liberae
590 2450 663 2526 fuit,
687 2451 742 2510 sed
764 2450 912 2511 invictis
930 2449 1157 2528 cupiditatibus
1172 2449 1270 2510 animi
1283 2455 1317 2508 et

260 2557 380 2635 rigidae
394 2555 601 2631 innocentiae,
616 2561 811 2634 contemptor
825 2555 953 2632 gratiae,
969 2555 1160 2616 divitiarum.
1195 2555 1234 2614 In
1248 2573 1317 2632 par-

261 2662 403 2738 simonia,
425 2661 457 2720 in
480 2660 635 2739 patientia
655 2660 771 2722 laboris
793 2660 925 2739 periculi
946 2661 1042 2721 ferrei
1061 2679 1157 2740 prope
1177 2661 1315 2738 corporis

261 2767 430 2844 animique,
446 2785 538 2844 quem
557 2785 597 2826 ne
619 2771 762 2826 senectus
784 2766 911 2843 quidem
927 2784 1006 2842 quae
1021 2766 1117 2826 solvit
1131 2766 1236 2827 omnia
1256 2766 1317 2825 fre-

262 2873 351 2949 gerit,
367 2873 422 2950 qui
437 2877 560 2931 sextum
575 2877 607 2931 et
622 2871 846 2946 octogesimum
860 2890 977 2932 annum
991 2891 1088 2948 agens
1111 2891 1235 2932 causam
1251 2871 1305 2931 dix

213 3000 242 3045 25
261 2978 331 3052 erit,
342 2977 410 3054 ipse
424 2995 481 3055 pro
496 2995 529 3038 se
543 2975 679 3036 oraverit
693 2977 925 3054 scripseritque,
940 2977 1143 3053 nonagesimo
1153 2996 1235 3037 anno
1250 2978 1314 3038 Ser.

262 3082 395 3143 Galbam
406 3082 446 3141 ad
457 3081 565 3159 populi
577 3081 744 3142 adduxerit
754 3081 914 3141 iudicium.
941 3083 1045 3157 Hune,
1054 3082 1135 3142 sicut
1147 3082 1231 3141 omni
1240 3082 1316 3157 vita,

262 3198 329 3247 tum
357 3193 558 3264 prensantem
582 3187 743 3264 premebat
769 3186 935 3260 nobilitas3
964 3187 1166 3264 coierantque
1193 3193 1318 3264 practer

262 3292 298 3352 L.
314 3290 461 3351 Flaccum
477 3292 531 3369 qui
545 3291 665 3368 collega
679 3291 712 3350 in
727 3291 890 3352 consulatu
905 3292 1018 3368 fuerat,
1034 3292 1195 3353 candidati
1210 3311 1316 3354 omncs

263 3397 303 3456 ad
328 3396 526 3456 deiciendum
546 3397 662 3456 honore
679 3414 759 3472 eum,
776 3416 837 3457 non
857 3398 957 3458 solum
972 3404 1010 3458 ut
1023 3398 1086 3476 ipsi
1100 3398 1205 3476 potius
1219 3397 1318 3476 adipi·

213 3521 243 3566 eo
263 3509 430 3577 seerentur,
446 3521 502 3562 nec
517 3502 591 3580 quia
604 3503 849 3578 indignabantur
856 3522 972 3563 novum
986 3503 1145 3563 hominem
1157 3522 1317 3566 censorem

262 3607 379 3682 videre,
402 3607 574 3668 sedetiam
596 3609 680 3685 quod
707 3609 831 3668 tristem
860 3628 1022 3670 censuram
1046 3609 1316 3687 periculosamque

263 3711 432 3771 multorum
455 3712 558 3774 famae
577 3720 609 3773 et
629 3713 669 3774 ab
689 3713 775 3774 laeso
789 3733 808 3774 a
821 3714 981 3792 plerisque
996 3721 1028 3776 et
1042 3714 1188 3775 laedendi
1203 3715 1317 3793 cupido
