3038 4278
466 321 595 379 LIVY'S
619 322 768 378 ROMAN
793 320 973 376 HISTORY
1077 315 1078 318 ’
1201 309 1246 376 45

189 495 260 574 ripa
277 493 418 554 fluminis
439 493 530 570 signa
548 492 625 552 ferri
642 493 739 567 iubet,
759 497 791 551 et
808 510 864 569 per
882 491 1016 552 tortuosi
1037 491 1138 552 amnis
1159 492 1246 553 sinus

189 601 352 679 flexusque
361 619 432 660 cum
442 603 499 658 iter·
506 617 609 658 errore
619 597 782 657 revolvens
791 597 876 656 haud
885 597 1020 658 multum
1031 598 1245 677 processisset,

189 706 243 766 ubi
257 705 360 784 prima
374 704 430 764 lux
441 703 610 764 transitum
622 710 831 781 opportunum
843 703 1042 780 ostendisset,
1055 705 1247 764 transiturus

188 818 265 873 erat.
309 811 370 872 Sed
385 829 455 870 oum
471 813 623 888 quantum
637 828 657 869 a
671 809 750 868 mari
765 808 961 884 abscedebat,
977 814 1066 870 tanto
1082 809 1247 870 altioribus

188 917 403 978 coercentibus
421 933 545 976 amnem
564 914 641 992 ripis
656 933 719 974 non
736 913 894 974 inveniret
911 913 1001 986 vada,
1017 914 1099 974 diem
1118 915 1248 975 terendo
1267 934 1282 978 0

189 1022 328 1101 spatium
344 1020 433 1082 dedit
446 1021 486 1081 ad
502 1019 730 1098 insequendum
746 1037 814 1080 sese
828 1018 921 1080 hosti.

230 1129 262 1188 N
264 1146 316 1188 ero
330 1126 468 1205 primum
482 1145 554 1186 cum
573 1124 659 1185 omni
674 1124 817 1203 equitatu
832 1123 972 1199 advenit,
987 1124 1118 1185 Porcius
1134 1125 1248 1185 deinde

189 1233 356 1293 adsecutus
376 1250 447 1291 cum
464 1230 528 1290 levi
545 1235 710 1291 armatura
753 1229 902 1300 Quicum
920 1230 1040 1290 fessum
1059 1248 1171 1306 agmen
1186 1249 1249 1290 oar-

189 1343 302 1415 perent
318 1337 358 1397 ab
372 1336 458 1396 omni
476 1342 565 1414 parte
583 1335 850 1412 incursarentque,
869 1341 901 1394 et
918 1334 981 1394 iam
1002 1334 1118 1396 omisso
1135 1335 1249 1396 itinere

190 1442 276 1521 quod
303 1443 396 1518 fugae
423 1442 527 1502 simile
551 1447 619 1502 erat
646 1441 884 1501 castrametari
912 1440 1039 1501 Poenus
1067 1440 1100 1499 in
1125 1441 1251 1501 tumulo
1267 1456 1297 1501 10

191 1565 285 1624 super
298 1546 439 1608 fluminis
454 1545 555 1625 ripam
564 1545 669 1622 vellet,
685 1545 814 1606 advenit
825 1545 936 1606 Livius
947 1545 1092 1623 peditum
1102 1545 1248 1606 omnibus

191 1651 290 1730 copiis
313 1671 377 1711 non
405 1651 528 1712 itineris
557 1651 657 1725 modo,
684 1651 739 1711 sed
767 1651 808 1710 ad
835 1651 1063 1712 conserendum
1090 1649 1249 1728 extemplo

191 1757 347 1836 proelium
362 1755 527 1817 instructis
544 1755 744 1834 armatisque.
788 1756 849 1816 Sed
866 1755 921 1816 ubi
938 1775 1046 1816 omnes
1061 1755 1166 1833 copias
1181 1774 1250 1814 con-

191 1862 371 1937 iunxerunt,
389 1862 575 1939 derectaque
597 1860 679 1921 acies
701 1865 758 1935 est,
781 1861 933 1922 Claudius
955 1861 1066 1920 dextro
1086 1859 1121 1920 in
1143 1879 1248 1936 cornu,

193 1967 304 2028 Livius
327 1967 367 2028 ab
391 1965 520 2028 sinistro
544 1985 681 2044 pugnam
709 1965 848 2039 instruit,
876 1966 979 2026 media
1003 1965 1086 2026 acies
1112 1964 1298 2042 praetoriis

192 2072 311 2133 tuenda
324 2073 407 2132 data.
450 2070 632 2132 Hasdrubal
650 2069 767 2131 omissa
783 2070 957 2131 munitione
974 2077 1147 2131 castrorum
1167 2075 1250 2148 post-

193 2197 287 2256 quam
301 2177 507 2255 pugnandum
521 2176 612 2252 vidit,
626 2175 661 2235 in
675 2175 777 2253 prima
791 2175 856 2236 acie
871 2181 943 2236 ante
960 2175 1051 2252 signa
1064 2172 1249 2254 elephantos

192 2283 283 2358 locat,
306 2282 390 2343 circa
411 2300 464 2342 eos
487 2281 577 2342 laevo
600 2280 633 2340 in
655 2300 750 2340 cornu
773 2281 923 2341 adversus
948 2281 1115 2342 Claudium
1139 2281 1249 2342 Gallos

191 2387 333 2465 opponit,
356 2387 442 2448 haud
464 2392 588 2446 tantum
611 2385 652 2446 iis
672 2385 772 2446 fideris
790 2392 940 2464 qnantum
968 2385 1006 2446 ab
1029 2385 1119 2446 hoste
1143 2385 1249 2446 timeri

192 2511 245 2554 eos
263 2493 426 2566 credebat;
448 2491 517 2570 ipse
535 2481 681 2551 dextrum
701 2509 797 2550 cornu
814 2491 965 2550 adversus
983 2492 1026 2550 M.
1044 2491 1170 2550 Livium
1187 2491 1248 2551 sibi
1268 2507 1298 2552 20

192 2603 287 2676 atque
301 2597 506 2676 Hispanis-
515 2603 547 2656 et
561 2595 605 2655 ibi
620 2594 755 2654 maxime
769 2594 803 2654 in
818 2601 923 2655 vetere
938 2593 1039 2654 milite
1056 2613 1141 2673 spem
1158 2595 1249 2656 habe

192 2702 458 2780 bat-sumpsit;
489 2701 621 2776 Ligures
646 2700 680 2759 in
705 2698 808 2760 medio
835 2706 908 2779 post
931 2699 1116 2778 elephantos
1141 2701 1246 2779 positi.

193 2807 256 2868 Sed
269 2807 393 2885 longior
408 2825 503 2884 quarn
518 2805 612 2865 latior
629 2804 712 2865 acies
730 2810 814 2880 erat3
837 2804 946 2866 Gallos
962 2805 1143 2882 prominens
1158 2806 1248 2867 collis

192 2913 326 2990 tegebat.
369 2913 417 2972 Ea
440 2913 538 2986 frons,
562 2929 656 2989 quam
678 2909 819 2988 Hispani
839 2911 998 2986 tenebant,
1023 2929 1095 2971 cum
1120 2911 1248 2972 sinistro

192 3019 404 3079 Romanorum
433 3035 529 3076 cornu
561 3014 736 3090 concurrit;
765 3015 878 3074 dextra
910 3016 1011 3076 omnis
1047 3016 1129 3077 acies
1159 3023 1249 3078 extra
1267 3031 1295 3075 ro

192 3122 345 3202 proelium
373 3122 514 3182 eminens
542 3121 701 3196 cessabat;
736 3118 825 3180 collis
852 3121 1017 3198 oppositus
1045 3123 1179 3197 arcebat,
1208 3141 1248 3182 ne

191 3233 247 3288 aut
267 3246 287 3288 a
309 3228 414 3287 fronte
439 3233 494 3287 aut
521 3226 561 3286 ab
587 3225 686 3286 latere
711 3225 963 3303 adgrederentur.
1007 3228 1094 3287 Inter
1120 3227 1246 3287 Livium

192 3332 486 3411 Hasdrubalemque
500 3332 612 3408 ingens
627 3336 820 3391 contractum
837 3337 995 3391 certamen
1006 3338 1081 3407 erat,
1096 3339 1247 3411 atroxque

192 3438 301 3498 caedes
319 3437 477 3515 utrimque
495 3437 653 3496 edebatur.
697 3436 748 3496 Ibi
768 3436 861 3497 duces
880 3436 979 3511 ambo,
996 3436 1041 3496 ibi
1058 3456 1131 3515 pars
1149 3438 1248 3498 maior

192 3543 333 3621 peditum
352 3543 557 3621 equitumque
572 3543 795 3616 Romanorum,
815 3541 859 3602 ibi
879 3542 1028 3620 Hispani,
1046 3549 1137 3603 retus
1156 3544 1247 3604 miles
1267 3557 1296 3602 30

163 3680 169 3690 «
192 3648 375 3726 peritusque
397 3649 558 3708 Romanae
576 3667 709 3726 pugnae,
733 3654 765 3707 et
787 3647 929 3724 Ligures,
955 3648 1069 3708 durum
1092 3649 1127 3708 in
1151 3650 1247 3710 armis

193 3772 299 3830 genus.
326 3752 444 3814 Eodem
455 3752 539 3814 versi
550 3752 719 3832 elephanti,
735 3752 791 3830 qui
802 3752 1034 3832 primoimpetn
1043 3753 1249 3816 turbaverant
