3058 4284
266 293 332 360 110
594 305 718 361 LATIN
743 307 992 364 SELECTIONS

779 553 800 614 4

452 711 523 776 Sor.
542 713 674 776 Romae
691 714 746 776 Id.
765 715 859 776 Febr.
879 735 910 778 a.
931 715 1007 779 693
1027 717 1117 784 (61)·

647 860 741 916 Cicero
759 861 857 916 Attico
871 861 932 916 sal.

304 996 421 1057 Vereor
435 1015 473 1057 ne
488 996 635 1075 putidum
649 997 692 1058 sit
706 997 840 1058 scribere
855 999 895 1059 ad
908 1006 941 1058 te
956 1019 1049 1077 quam
1065 1000 1125 1061 sim
1136 1010 1316 1082 occupatus,
1410 987 1413 991 ⁵

265 1103 319 1162 sed
335 1108 441 1162 tamen·
453 1102 501 1162 ita
514 1102 688 1163 distinebar
702 1109 738 1162 ut
751 1103 825 1163 huic
840 1104 894 1163 vix
909 1105 1050 1165 tantulae
1068 1106 1223 1184 epistulae
1242 1115 1318 1169 tem-

266 1228 324 1287 pus
342 1207 503 1268 habuerim
525 1214 619 1285 atque
641 1208 674 1268 id
696 1214 834 1286 ereptum
858 1228 875 1268 6
897 1211 1027 1270 summis
1048 1213 1314 1290 occupationibus.

265 1314 372 1375 Prima
386 1314 490 1373 contio
504 1313 635 1392 Pompei
650 1313 754 1391 qualis
768 1315 884 1375 fuisset
899 1316 1011 1395 scripsi
1026 1318 1065 1378 ad
1083 1324 1115 1377 16
1133 1325 1234 1395 antea,
1254 1339 1314 1379 non

231 1435 246 1479 1
265 1420 402 1479 1116111116
429 1419 560 1494 miseris,
590 1419 694 1480 inanis
718 1420 878 1498 improbis,
901 1421 1000 1482 beatis
1021 1441 1085 1482 non
1106 1431 1204 1500 grata,
1226 1424 1316 1486 bonis

265 1545 328 1584 non
352 1525 456 1602 gravis
468 1549 475 1599 3
506 1525 613 1602 itaque
642 1525 786 1601 frigebat.
832 1527 913 1585 Tum
941 1527 1068 1587 Pisonis
1095 1529 1233 1590 consulis
1262 1530 1318 1589 im·

265 1630 359 1710 pulsu
372 1629 552 1691 levissimus
567 1631 713 1691 tribunus
728 1631 769 1709 pl.
791 1631 900 1692 Fufius
919 1631 953 1691 in
974 1633 1150 1692 contionem
1172 1635 1317 1713 producit

264 1736 460 1814 Pompeium.
505 1737 569 1796 Res
583 1736 733 1812 agebatur
747 1736 781 1794 in
802 1736 883 1796 circo
905 1737 1062 1797 Flaminio
1083 1744 1116 1798 et
1137 1745 1204 1799 erat
1225 1739 1259 1798 iu
1280 1759 1317 1801 eo

265 1842 334 1921 ipso
355 1841 423 1900 loco
443 1841 500 1902 illo
521 1841 572 1901 die
593 1841 805 1902 nundinarum
826 1847 986 1922 πανήγυρις.
1029 1844 1192 1914 Quaesivit
1216 1862 1255 1904 ex
1280 1864 1317 1905 6ο

218 1961 246 2005 10
266 1947 442 2025 placeretne
457 1947 486 2008 ei
500 1947 619 2007 iudices
635 1967 653 2006 a
668 1953 809 2025 praetore
824 1946 895 2022 legi,
912 1966 974 2024 quo
988 1948 1120 2008 consilio
1133 1949 1216 2009 idem
1232 1969 1317 2028 prae

264 2058 313 2112 tor
335 2058 484 2112 uteretur.
530 2053 569 2112 Id
590 2058 695 2112 autern
717 2058 784 2111 erat
806 2052 844 2111 de
866 2050 1017 2113 Clodiana
1037 2053 1188 2130 religione
1209 2055 1248 2116 ab
1273 2075 1317 2116 66-

265 2158 565 2218 natuconstitutum.
609 2157 1316 2238 Τ11111Ρ61111161116μάλ’ἀριστοκρατικῶς166111116

265 2271 313 2324 est
328 2269 517 2340 senatusque
532 2245 751 2323 auctoritatem
768 2262 829 2322 sibi
841 2262 985 2322 omnibus
997 2262 1028 2321 in
1042 2263 1134 2324 rebus
1146 2265 1317 2325 maximam
1380 2253 1385 2266 ’

266 2369 367 2428 videri
382 2387 565 2446 semperque
580 2368 680 2427 visam
696 2386 764 2428 6666
779 2368 942 2445 respondit
963 2373 994 2427 61
1016 2367 1050 2427 id
1070 2368 1180 2429 multis
1202 2370 1315 2430 verbis.

218 2485 246 2530 15
264 2474 380 2535 Postea
406 2473 559 2534 Messalla
585 2472 694 2534 consul
721 2473 755 2532 in
781 2479 892 2533 senatu
921 2472 959 2532 de
984 2473 1134 2552 Pompeio
1159 2475 1318 2553 quaesivit

265 2580 341 2656 quid
369 2581 408 2639 de
436 2579 587 2654 religione
615 2584 646 2638 et
675 2578 713 2637 de
747 2578 945 2656 promulgata
979 2579 1140 2654 rogatione
1175 2580 1316 2641 sentiret.

266 2685 402 2746 Locutus
422 2685 468 2744 ita
485 2691 533 2743 est
554 2683 588 2742 iu
610 2688 720 2744 senatu
741 2689 776 2741 ut
797 2683 902 2742 omnia
922 2682 1010 2742 illius
1032 2684 1152 2744 ordinis
1173 2686 1318 2746 consulta

265 2795 377 2870 γενικῶς
392 2789 534 2850 laudaret
549 2788 696 2867 mihique,
711 2793 748 2846 ut
762 2787 895 2862 adsedit,
911 2788 994 2848 dixit
1008 2807 1041 2848 66
1056 2795 1167 2866 putare
1182 2790 1259 2851 satis
1278 2792 1317 2852 ab

266 2915 298 2956 se
317 2895 413 2956 etiam
435 2896 489 2955 ‘de
504 2893 576 2956 istis
597 2894 707 2954 rebus’
722 2912 789 2953 esse
811 2912 1002 2971 responsum.
1045 2894 1176 2955 Crassus
1198 2903 1318 2974 postea·

217 3009 246 3054 20
265 3020 359 3078 quam
386 3000 469 3061 vidit
495 3000 585 3060 illum
611 2999 771 3077 excepisse
796 2997 919 3058 laudem
946 3017 984 3057 ex
1011 3017 1048 3058 eo
1076 3000 1159 3076 quod
1181 3002 1317 3080 suspica

264 3112 373 3167 rentur
404 3106 546 3166 homines
582 3105 610 3165 61
645 3104 842 3166 consulatum
877 3122 980 3163 meum
1015 3103 1147 3182 placere,
1180 3109 1317 3168 surrexit

265 3213 526 3290 ornatissimeque
540 3212 579 3271 de
594 3230 662 3271 meo
677 3210 842 3271 consulatu
857 3209 981 3269 locutus
995 3214 1053 3284 661,
1068 3215 1104 3269 111
1123 3209 1169 3269 116
1188 3210 1315 3288 diceret,
1331 3277 1333 3280 ,

266 3325 313 3379 ‘se
329 3319 412 3397 quod
427 3323 510 3378 66661
525 3324 658 3393 senator,
674 3316 757 3393 quod
773 3315 860 3390 61116,
876 3315 959 3392 quod
979 3313 1067 3390 liber,
1084 3315 1167 3393 quod
1186 3316 1315 3392 1116161,

265 3425 343 3484 mihi
371 3431 532 3503 acceptum
560 3424 694 3498 referre;
727 3421 872 3500 quotiens
895 3419 1067 3496 coniugem,
1093 3421 1237 3497 quotiens
1266 3422 1317 3482 do

215 3543 245 3587 an
264 3551 359 3606 mum,
375 3531 519 3609 quotiens
535 3530 668 3607 patriam
684 3527 813 3601 videret,
827 3526 944 3586 totiens
960 3545 992 3586 se
1008 3526 1193 3587 beneficium
1211 3546 1316 3588 meum

264 3637 389 3697 videre'
431 3635 515 3706 Quid
528 3633 655 3694 multa?
690 3638 792 3692 toturn
812 3631 894 3690 huno
913 3631 1016 3690 locum
1036 3650 1127 3708 quem
1151 3643 1207 3708 ego
1228 3634 1315 3694 varie

263 3743 342 3804 meis
356 3739 559 3814 orationibus,
575 3758 705 3816 quarum
723 3745 758 3797 tu
780 3735 983 3797 Aristarchus
1005 3754 1047 3809 es,
1071 3736 1155 3796 soleo
1176 3737 1315 3815 pingere,
