3038 4278
473 339 601 398 LIVY’S
626 339 776 396 ROMAN
802 337 981 396 HISTORY
1211 331 1253 397 15

197 512 397 590 intercurrit3
420 511 494 573 inde
508 513 640 572 Romam
663 512 701 572 ad
724 504 923 573 scribendum
944 532 1060 572 novum
1081 515 1251 574 exercitum

198 619 280 678 redit
295 618 383 678 nullo
394 619 592 678 ,detractante
607 617 762 678 militiam.
806 617 973 692 Peregrina
984 619 1081 679 etiam
1095 619 1252 694 iuuentus,

198 723 306 784 Latini
328 723 530 802 Hernicique,
553 741 680 802 operam
702 742 791 784 suam
814 723 997 801 pollicentes
1019 726 1060 785 ad
1080 725 1114 784 id
1135 724 1254 786 bellum

197 847 328 905 venere;
350 829 465 906 quibus
480 847 551 888 curn
566 829 684 905 gratias
699 829 732 888 in
747 834 859 890 senatu
878 829 995 906 egisset
1014 830 1158 906 dictator,
1175 832 1254 892 satis

198 936 262 994 iam
276 933 420 995 omnibus
442 934 483 994 ad
497 933 531 994 id
544 933 662 994 bellum
684 935 804 1012 paratis
822 934 913 995 ludos
928 953 1056 1011 magnos
1072 954 1110 994 ex
1125 943 1253 996 senatus
1274 955 1289 1000 s

198 1039 341 1100 consulto
361 1039 450 1100 vovit
470 1039 545 1101 Veis
567 1039 669 1118 captis
684 1057 717 1100 se
738 1040 895 1100 facturum
919 1040 1089 1118 aedemque
1111 1041 1254 1102 Matutae

198 1145 310 1205 matris
332 1145 484 1220 refeqtam
500 1145 718 1205 dedicaturum
740 1145 804 1205 iam
819 1151 891 1204 ante
906 1144 947 1205 ab
966 1163 1038 1220 rege
1062 1145 1125 1205 Ser.
1148 1146 1254 1205 Tullio

197 1250 384 1310 dedicatam.

239 1354 406 1414 Profectus
419 1332 502 1414 'cum
525 1353 667 1414 exercitu
689 1354 730 1415 ab
750 1355 826 1414 urbe
852 1355 1069 1432 expectatione
1090 1355 1254 1430 hominnm

198 1459 316 1520 maiore
330 1478 423 1537 quam
445 1477 500 1536 spe
514 1459 549 1518 in
565 1477 640 1535 agro
653 1459 790 1537 primum
805 1460 967 1538 Nepesino
988 1478 1058 1518 cum
1072 1459 1207 1520 Faliscis
1222 1467 1255 1518 et
1276 1478 1304 1523 10

199 1565 412 1643 Capenatibus
434 1565 525 1640 signa
537 1564 668 1625 confert
711 1564 826 1625 Omnia
841 1565 887 1624 ibi
909 1583 1031 1624 summa
1052 1565 1172 1624 ratione
1187 1584 1256 1625 con-

199 1669 334 1748 silioque
353 1675 424 1730 aeta
444 1669 574 1730 fortuna
593 1669 699 1744 etiam,
714 1675 751 1729 ut
764 1670 810 1746 fit,
827 1676 934 1730 secuta
947 1676 1004 1730 est.
1047 1671 1079 1729 N
1081 1689 1121 1729 ou
1136 1670 1255 1747 proelio

198 1780 324 1836 tantum
348 1775 435 1835 fudit
459 1773 574 1851 hostes,
597 1775 652 1836 sed
674 1775 786 1836 castris
811 1793 934 1853 quoque
960 1775 1047 1836 exuit
1071 1775 1255 1852 ingentique

198 1881 316 1958 praeda
349 1885 398 1941 est
425 1879 563 1957 potitus3
600 1880 688 1941 cuius
717 1898 789 1958 pars
818 1880 955 1940 maxima
983 1881 1022 1940 ad
1058 1886 1256 1958 quaestorem

199 1986 326 2045 redacta
339 1990 398 2061 est,
413 1985 499 2046 baud
519 1984 568 2044 ita
586 1985 722 2044 multum
742 1984 838 2045 militi
853 1985 970 2045 datum.
1014 1986 1147 2045 Indead
1160 1986 1255 2046 Veios
1276 2002 1305 2046 15

199 2088 358 2151 exercitus
380 2090 503 2165 ductus,
526 2090 732 2181 densioraque
746 2090 878 2151 castella
897 2091 983 2151 facta
1004 2096 1037 2151 et
1058 2109 1076 2150 a
1097 2109 1256 2168 procursa-

199 2193 340 2255 tionibus
354 2213 434 2272 quae
447 2195 564 2255 multae
579 2205 695 2254 temere
710 2195 794 2256 inter
807 2214 932 2254 murum
947 2213 982 2256 ac
997 2195 1114 2255 vallum
1129 2194 1255 2269 fiebant,

200 2299 303 2360 edicto
324 2319 364 2359 ne
386 2300 457 2376 quis
479 2300 602 2360 iniussu
622 2306 785 2378 pugnaret,
808 2301 849 2360 ad
867 2319 945 2378 opus
967 2300 1086 2360 milites
1107 2301 1254 2360 traducti.

200 2404 338 2483 Operum
359 2404 423 2464 fuit
443 2404 583 2464 omnium
605 2405 698 2481 longe
720 2405 891 2464 maximum
917 2423 952 2465 ac
977 2404 1257 2465 laboriosissimum

200 2509 364 2570 cuniculus
389 2509 422 2568 in
447 2528 550 2570 arcem
573 2509 711 2570 hostium
737 2511 787 2587 agi
810 2515 946 2588 coeptus.
989 2511 1139 2581 Quod-ne
1163 2510 1257 2569 inter·
1275 2527 1306 2572 ao

200 2615 380 2677 mitteretur
394 2634 473 2693 opus
487 2632 549 2674 neu
570 2617 628 2676 sub
649 2621 733 2676 terra
746 2616 913 2675 continuus
935 2615 1022 2676 labor
1044 2615 1166 2676 eosdem
1189 2633 1257 2675 con·

201 2719 316 2796 ficeret,
336 2720 371 2778 in
398 2725 504 2798 partes
526 2739 581 2780 sex
603 2721 794 2780 munitorum
816 2739 981 2780 numerum
1010 2721 1136 2795 divisit3
1165 2740 1257 2782 senae

200 2825 296 2885 borae
310 2824 344 2884 in
359 2825 465 2885 orbem
474 2826 562 2903 operi
576 2825 748 2886 attributae
763 2830 852 2902 su1rt;
875 2833 965 2886 nocte
977 2845 1011 2886 ac
1024 2827 1074 2886 die
1085 2846 1256 2904 numquam

201 2930 448 3005 encaeniarum,
463 2949 558 3008 quam
573 2931 607 2990 in
621 2949 724 2990 arcem
738 2930 822 2990 viam
837 2931 986 2990 facerent.

241 3035 386 3095 Dictator
413 3053 483 3094 cum
511 3035 575 3095 iam
602 3035 636 3095 in
664 3035 809 3096 manibus
838 3035 959 3095 videret
986 3036 1150 3097 victoriam
1179 3057 1256 3114 esse,
1277 3059 1306 3103 25

201 3140 309 3200 urbem
331 3139 604 3218 opulentissimam
623 3139 693 3218 capi
714 3145 901 3218 tantumque
923 3142 1057 3219 praedae
1071 3142 1147 3218 fore,
1164 3163 1258 3220 quau-

200 3250 268 3304 tum
285 3264 349 3305 non
371 3245 516 3306 omnibus
537 3245 571 3304 in
592 3265 689 3305 unum
711 3244 844 3306 conlatis
866 3251 938 3306 ante
959 3246 1051 3307 bellis
1073 3246 1196 3322 fuisset,
1217 3267 1257 3308 ne

202 3368 297 3427 quam
309 3349 384 3410 inde
399 3355 455 3410 aut
469 3349 607 3410 militum
621 3349 700 3409 iram
716 3367 755 3410 ex
767 3349 965 3426 malignitate
976 3351 1110 3428 praedae
1121 3354 1257 3429 partitae

201 3459 258 3514 aut
278 3453 433 3516 iuvidiam
461 3456 545 3533 apud
573 3460 678 3533 patres
707 3473 746 3516 ex
774 3455 905 3532 prodiga
929 3455 1097 3532 largitione
1122 3464 1257 3536 caperet,

200 3557 325 3620 litteras
347 3560 387 3620 ad
408 3565 550 3621 senatum
574 3559 677 3621 misit:
701 3561 796 3620 deum
817 3560 1031 3621 inmortalium
1053 3563 1256 3638 benignitate,
1278 3583 1307 3627 so

202 3664 268 3726 suis
283 3665 434 3739 consiliis,
450 3665 606 3743 patientia
626 3665 766 3726 militum
780 3665 876 3726 Veios
892 3667 954 3727 iam
970 3668 1037 3727 fore
1052 3668 1086 3728 in
1102 3674 1257 3746 potestate

201 3768 311 3849 poprdi
326 3770 479 3847 Romani3
502 3770 579 3849 quid
593 3770 632 3831 de
646 3771 764 3851 praeda
778 3770 957 3832 faciendum
972 3776 1163 3834 censerent?
