3058 4284
249 307 293 377 96
570 319 695 374 muru
720 317 969 374 sunsomous

249 509 341 550 nemo
363 490 429 550 sine
448 509 575 569 corpore
590 488 762 564 exercebat,
777 495 925 566 optumus
941 488 1073 567 quisque
1088 488 1191 549 facere
1205 507 1298 566 quam

249 596 361 672 dicere,
385 614 442 656 sua
461 596 500 655 ab
521 594 594 655 aliis
615 595 693 655 bene
714 595 800 654 faeta
820 594 942 654 laudari
964 613 1056 672 quam
1079 594 1147 673 ipse
1167 593 1300 654 aliorum

250 719 375 763 narrare
390 701 533 760 malebat.

289 807 393 884 Igitur
404 807 489 866 domi
504 805 697 883 militiaeque
711 805 786 866 boni
801 824 901 865 mores
915 804 1114 880 colebantur,
1137 804 1301 865 concordia

216 931 404 987 smaxuma,
426 911 567 970 minuma
587 910 722 971 avaritia
746 916 829 986 erat3
860 910 910 970 ius
934 910 1123 992 bonumque¹
1136 909 1220 987 apud
1247 928 1300 970 eos

249 1036 312 1077 non
328 1017 449 1093 legibus
465 1016 564 1092 magis
578 1034 671 1092 quam
686 1015 943 1076 naturaralebat.
986 1015 1103 1091 Iurgia,
1119 1014 1299 1088 discordias,

250 1121 427 1183 simultates
448 1140 519 1181 oum
539 1120 683 1182 hostibus
704 1121 899 1194 exercebant,
921 1119 1005 1180 cives
1026 1138 1096 1179 cum
1118 1119 1240 1180 civibus
1261 1118 1301 1178 de

250 1229 367 1288 virtute
395 1227 573 1301 certabant3
609 1225 643 1285 in
671 1224 835 1305 suppliciis
863 1225 990 1285 deorum
1019 1224 1187 1301 magnifici,
1216 1223 1301 1284 domi

249 1333 344 1411 parci,
360 1332 391 1392 in
410 1332 524 1392 amicos
544 1330 653 1391 fideles
673 1336 770 1391 erant.
814 1330 944 1390 Duabus
959 1329 1010 1391 his
1024 1330 1154 1405 artibus,
1170 1330 1300 1391 audacia

204 1443 233 1488 10
249 1439 284 1498 in
297 1438 389 1513 bello,
404 1438 459 1497 ubi
473 1455 534 1514 pax
549 1443 696 1496 evenerat
710 1436 879 1514 aequitate,
892 1453 986 1513 seque
1001 1453 1128 1513 remque
1142 1435 1300 1515 publicam

249 1543 408 1604 curabant.
460 1542 596 1612 Quarum
621 1559 724 1600 rerum
752 1559 810 1616 ego
837 1559 984 1600 maxuma
1011 1540 1198 1600 documenta
1224 1541 1301 1601 haec

250 1647 358 1721 habeo,
369 1647 452 1725 quod
464 1647 497 1705 in
508 1645 590 1706 bello
604 1646 730 1724 saepius
741 1645 934 1706 vindicatum
947 1651 996 1705 cst
1010 1645 1044 1705 in
1058 1664 1110 1706 eos
1124 1646 1179 1722 qui
1194 1652 1301 1706 contra

249 1752 416 1831 imperium
438 1752 469 1810 in
492 1751 613 1810 hostem
634 1755 852 1828 pugnaverant
876 1750 994 1829 quique
1016 1751 1139 1811 tardius
1164 1751 1301 1811 revocati

249 1857 369 1937 proelio
393 1862 600 1931 excesserant,
624 1874 717 1933 quam
744 1855 799 1933 qui
823 1855 913 1930 signa
937 1855 1113 1934 relinquere
1137 1863 1193 1916 aut
1216 1856 1302 1935 pulsi

202 1977 231 2022 rs
250 1963 318 2023 loco
339 1962 447 2023 cedere
469 1960 537 2021 ausi
558 1966 665 2036 erant3
687 1960 721 2019 in
743 1979 817 2038 pace
839 1978 912 2020 vero
933 1960 1016 2037 quod
1034 1960 1190 2022 benificiis
1207 1979 1301 2039 quam

235 2075 334 2128 ,metu
352 2066 519 2145 imperium
536 2065 699 2142 agitabant
714 2071 745 2124 et
760 2071 888 2143 accepta
901 2064 1018 2126 iniuria
1032 2064 1192 2142 ignoscere
1207 2084 1301 2144 quam

246 2173 395 2253 'persequi
410 2171 575 2232 malebant.

291 2279 352 2339 Sed
380 2277 433 2337 ubi
458 2276 562 2336 labore
591 2281 685 2353 atque
709 2275 834 2336 institia
858 2293 907 2335 res
931 2276 1058 2353 publica
1080 2277 1189 2351 crevit,
1214 2295 1302 2352 reges

250 2383 357 2461 magni
384 2382 468 2442 bello
492 2381 614 2456 domiti,
635 2380 778 2441 nationes
803 2380 889 2440 ferae
913 2386 945 2440 et
969 2381 1078 2458 populi
1103 2381 1246 2458 ingentes
1270 2381 1303 2440 vi

203 2510 233 2555 ro
251 2489 381 2564 subacti,
397 2486 563 2563 Carthago,
579 2485 702 2547 aemula
716 2485 828 2563 imperi
843 2486 987 2562 Romani,
1003 2486 1043 2547 ab
1057 2487 1155 2565 stirpe
1170 2486 1301 2561 interiit,

250 2601 363 2656 cuncta
377 2593 476 2654 maria
489 2599 652 2669 terraeque
667 2591 826 2668 patebant,
842 2591 963 2651 saevire
977 2591 1106 2652 fortuna
1122 2610 1157 2652 ac
1171 2591 1303 2652 miseere

250 2701 356 2761 omnia
376 2698 486 2778 coepit.
529 2696 588 2768 Qui
606 2696 736 2769 labores,
756 2695 904 2773 pericula,
922 2696 1033 2758 dubias
1057 2703 1151 2775 atque
1176 2715 1301 2774 asperas

251 2826 299 2867 res
324 2804 419 2865 facile
442 2803 662 2874 toleraverant,
685 2801 731 2860 eis
755 2801 864 2876 otium,
890 2800 1031 2877 divitiae,
1052 2802 1191 2880 optanda
1213 2801 1302 2876 alias,

251 2911 338 2972 oneri
366 2909 571 2987 miseriaeque
599 2908 696 2967 fuere.
744 2908 847 2984 Igitur
874 2909 975 2986 primo
1003 2908 1124 2987 imperi,
1153 2909 1303 2986 pecuniae

203 3034 232 3079 as
251 3017 363 3076 deinde
385 3015 498 3093 cupido
519 3013 632 3089 crevit,
656 3031 692 3072 ea
712 3013 803 3090 quasi
823 3014 970 3074 materies
992 3015 1131 3074 omnium
1151 3015 1302 3074 malorum

251 3123 348 3183 fuere.
391 3121 536 3196 Namque
551 3117 685 3178 avaritia
698 3116 802 3192 fidem,
817 3118 1016 3196 probitatem,
1031 3125 1211 3197 ceterasque
1226 3119 1303 3180 artis

252 3228 348 3287 bonas
377 3224 548 3299 subvortit3
583 3242 640 3300 pro
671 3223 722 3282 his
758 3223 944 3300 superbiam,
973 3225 1201 3300 crudelitatem,
1230 3209 1304 3284 deos

252 3331 425 3407 neglegere,
443 3328 549 3389 omnia
568 3327 693 3388 venalia
713 3327 827 3388 habere
848 3329 981 3389 edocuit.
1024 3330 1166 3391 Ambitio
1187 3329 1305 3389 multos

252 3435 395 3496 mortalis
412 3433 510 3495 falsos
525 3433 593 3493 fieri
613 3433 745 3508 subegit,
761 3433 847 3493 aliud
863 3435 1004 3495 clausum
1021 3435 1055 3494 in
1069 3440 1203 3512 pectore,
1218 3433 1306 3495 aliud

205 3561 235 3606 ao
253 3542 286 3601 in
301 3541 410 3617 lingua
422 3544 603 3618 promptum
617 3538 741 3612 habere,
756 3537 913 3599 amicitias
927 3540 1173 3618 inimicitiasque
1187 3559 1249 3600 non
1266 3557 1306 3598 ex

254 3666 287 3707 re
308 3646 363 3707 sed
384 3665 423 3704 ex
444 3643 605 3704 commodo
623 3647 808 3718 aestumare,
823 3644 986 3722 magisque
1005 3646 1127 3705 voltum
1146 3664 1240 3722 quam
1262 3643 1307 3702 in-

211 3822 213 3830 *
255 3752 380 3828 genium
408 3750 525 3810 bonum
553 3746 674 3808 habere.
732 3748 821 3806 Haeo
849 3749 951 3825 primo
978 3749 1132 3827 paulatim
1161 3766 1307 3823 erescere,
