3058 4284
550 303 757 360 sannusns
781 303 976 360 sammua
1247 294 1291 362 93

233 477 289 537 ubi
302 477 390 537 videt
405 476 585 551 Catilinam,
598 481 707 536 contra
721 494 756 534 ao
771 481 859 535 ratus
873 479 951 549 erat,
970 493 1084 552 magna
1100 475 1132 534 vi
1153 476 1289 551 tendere,

233 583 391 642 cohortem
412 581 599 660 praetoriam
621 579 652 639 in
675 579 795 640 medios
816 579 918 640 hostis
940 578 1063 640 inducit
1087 598 1202 659 eosque
1224 600 1290 659 per-

233 687 376 748 turbatos
411 693 505 764 atque
540 685 618 746 alios
650 684 726 744 alibi
762 684 940 744 resistentis
972 683 1137 762 interficit3
1175 685 1289 748 deinde

233 791 392 869 utrimque
407 810 446 850 ex
460 790 611 851 lateribus
626 796 745 849 ceteros
766 789 956 865 aggreditur.
985 789 1140 851 vManlius
1163 797 1195 851 et
1215 792 1289 851 Fae

233 896 363 957 sulanus
391 895 425 955 in
449 895 559 974 primis
584 901 760 972 pugnantes
786 893 912 955 cadunt.
955 894 1096 955 Catilina
1120 902 1287 974 postquam
1308 917 1323 962 a

232 1002 320 1062 fusas
332 1001 437 1078 copias
450 1019 544 1078 seque
553 1019 624 1060 cum
635 1000 743 1079 paucis
758 999 904 1059 relictum
920 999 1018 1075 videt,
1034 1019 1151 1060 memor
1165 1001 1287 1076 generis

232 1111 326 1184 atque
341 1105 494 1185 pristinae
509 1123 583 1165 suae
600 1104 766 1181 dignitatis
786 1105 819 1164 in
839 1104 1098 1166 confertissumos
1120 1106 1220 1166 hostis
1241 1106 1286 1166 in-

231 1211 330 1271 currit
344 1209 450 1288 ibique
465 1227 608 1287 pugnans
623 1209 812 1269 confoditur.

273 1317 335 1376 Sed
355 1316 497 1375 confecto
518 1314 636 1392 proelio
658 1319 726 1374 turn
748 1333 824 1374 vero
845 1333 987 1375 cerneres
1013 1321 1132 1393 quanta
1156 1315 1287 1376 audacia

232 1426 412 1499 quantaque
435 1419 533 1480 animi
555 1419 605 1480 vis
631 1418 748 1480 fuisset
772 1419 807 1479 in
831 1420 970 1480 exercitu
995 1419 1160 1480 Catilinae.
1202 1420 1285 1481 Nam
1307 1440 1336 1484 10

231 1527 298 1586 fere
323 1544 415 1603 quem
444 1525 577 1602 quisque
604 1524 694 1598 vivos
724 1524 893 1602 pugnando
920 1524 1022 1584 locum
1051 1531 1185 1603 ceperat,
1214 1543 1285 1585 eum

231 1631 348 1692 amissa
361 1630 467 1690 anima
485 1648 612 1708 corpore
631 1631 764 1706 tegebat.
809 1630 907 1689 Pauci
928 1637 1044 1705 autern,
1066 1649 1143 1708 quos
1165 1630 1285 1690 medios

230 1736 341 1797 cohors
373 1737 530 1813 praetoria
563 1735 739 1810 disiecerat,
764 1735 859 1812 paulo
891 1734 1057 1810 divorsius,
1088 1736 1143 1796 sed
1177 1755 1284 1796 omnes

231 1848 337 1902 tamen
349 1841 490 1902 advorsis
505 1840 685 1902 volneribus
700 1841 909 1901 conciderant.
953 1840 1091 1902 Catilina
1104 1860 1178 1901 vero
1192 1841 1284 1917 longe

231 1947 329 2008 asuis
345 1945 427 2007 inter
441 1944 580 2007 hostiurn
595 1946 748 2006 cadavera
762 1952 904 2024 repertus
926 1952 983 2020 est,
1003 1945 1167 2023 paululum
1188 1945 1284 2006 etiam
1305 1964 1333 2008 1⁶

231 2053 355 2131 spirans
374 2051 586 2130 ferociamque
607 2050 715 2126 animi,
735 2071 829 2130 quam
848 2051 1001 2112 habuerat
1026 2050 1125 2126 vivos,
1145 2051 1179 2110 io
1196 2051 1284 2110 voltu

232 2158 379 2219 retinens.
421 2159 584 2218 Postremo
598 2172 637 2216 ex
652 2156 738 2216 omni
758 2158 848 2234 copia
867 2176 969 2234 neque
989 2157 1021 2216 in
1044 2156 1163 2234 proelio
1184 2175 1284 2233 neque

231 2263 264 2322 in
278 2263 356 2338 fuga
369 2263 534 2341 quisquam
550 2261 629 2323 civis
644 2262 798 2337 ingenuus
813 2270 923 2340 captus
939 2267 1001 2336 est;
1023 2261 1070 2322 ita
1088 2261 1194 2321 cuncti
1211 2280 1285 2321 suae

231 2368 431 2446 hostiumque
442 2367 525 2427 vitae
534 2359 843 2445 iuxtapepercerani.
888 2367 1002 2444 Neque
1010 2372 1117 2426 tamen
1128 2366 1284 2426 exercitus

230 2472 341 2552 populi
365 2472 501 2532 Romani
524 2471 641 2532 laetam
666 2478 721 2532 aut
745 2473 938 2532 incruentam
966 2471 1130 2532 victoriam
1153 2471 1284 2548 adeptus
1305 2490 1335 2535 ao

231 2585 307 2640 erat
348 2579 433 2639 Nam
448 2578 696 2638 strenuissumus
712 2577 845 2655 quisque
862 2583 917 2636 aut
936 2576 1091 2637 occiderat
1111 2575 1146 2635 in
1167 2575 1286 2653 proelio

231 2691 286 2745 aut
310 2682 449 2762 graviter
473 2682 653 2743 volneratus
679 2682 875 2743 discesserat.
918 2681 1016 2742 Multi
1043 2687 1157 2755 autem,
1185 2681 1240 2759 qui
1268 2700 1285 2740 c

231 2790 344 2850 castris
359 2788 488 2850 visundi
508 2794 562 2848 aut
581 2787 739 2866 spoliandi
761 2787 863 2863 gratia
883 2792 1107 2864 processerant,
1123 2786 1285 2846 volventes

231 2895 361 2956 hostilia
375 2894 528 2955 cadavera
542 2893 676 2953 amicum
692 2892 757 2968 alii,
773 2911 846 2970 pars
867 2892 1024 2970 hospitem
1044 2898 1098 2952 aut
1120 2898 1285 2969 cognatum

231 3000 445 3079 reperiebant3
468 2999 556 3058 fuere
570 2998 646 3057 item
658 2997 713 3075 qui
723 2972 867 3058 inimicos
880 3016 952 3057 suos
964 3002 1193 3072 cognoscerent.
1233 2997 1286 3057 Ita
1306 3017 1335 3061 as

231 3105 317 3166 varie
340 3124 395 3182 per
420 3122 543 3163 omnem
565 3103 735 3163 exercitum
758 3101 890 3178 laetitia,
913 3120 1041 3176 maeror,
1065 3101 1169 3162 luctus
1191 3106 1286 3180 atque

233 3209 348 3287 gaudia
361 3208 572 3287 agitabantur.
