3038 4278
271 337 316 408 64
396 433 398 438 ,
594 349 719 406 narni
743 346 994 404 suoncrrous

271 522 426 599 permissu
448 521 488 582 ad
506 520 682 580 contionem
700 520 854 580 militibus
868 519 988 580 vocatis
1003 518 1220 597 pronuntiavit
1234 523 1324 579 nocte

271 627 422 705 proxima,
438 645 477 685 ne
495 626 565 704 quis
584 625 617 685 id
634 645 691 703 pro
705 631 850 703 portento
864 624 1028 702 acciperet,
1044 624 1083 684 ab
1097 623 1174 684 hora
1189 624 1325 684 secunda

270 752 370 810 usque
384 733 425 793 ad
439 738 582 810 quartam
598 732 706 790 horam
721 730 822 791 noctis
836 729 945 790 lunam
959 729 1152 789 defecturam
1168 747 1243 788 esse.
1286 727 1325 788 Id

270 839 346 916 quia
366 837 504 898 naturali
525 837 634 898 ordine
656 837 748 898 statis
770 837 963 915 temporibus
977 836 1043 912 fiat,
1057 841 1090 896 et
1112 835 1186 895 sciri
1201 840 1273 895 ante
1292 838 1325 894 et

236 959 251 1004 a
271 944 409 1021 praedici
431 962 531 1022 posse.
574 943 686 1022 Itaque
708 961 802 1020 quem
822 943 863 1003 ad
883 943 1019 1017 modum,
1041 941 1117 1019 quia
1143 939 1222 1000 certi
1250 939 1325 1000 solis

271 1048 425 1127 lunaeque
454 1054 485 1108 et
507 1054 594 1108 ortus
615 1054 648 1107 et
669 1067 793 1108 occasus
816 1048 889 1123 sint,
911 1067 995 1108 nunc
1024 1047 1115 1126 pleno
1142 1047 1215 1107 orbe
1243 1066 1325 1108 nunc

271 1160 483 1214 senescentem
499 1153 612 1230 exiguo
626 1172 722 1213 cornu
736 1153 858 1229 fulgere
872 1153 979 1213 lunam
994 1172 1057 1214 non
1068 1153 1265 1227 mirarentur,
1280 1153 1327 1212 ita

271 1279 310 1319 ne
325 1259 483 1318 obscurari
498 1258 635 1335 quidem,
649 1277 720 1318 cum
735 1258 887 1318 condatur
901 1259 1011 1319 umbra
1025 1265 1135 1334 terrae,
1150 1257 1275 1318 trahere
1289 1257 1323 1316 in

271 1364 451 1443 prodigium
473 1364 594 1424 debere.
637 1365 738 1423 Nocte
759 1381 854 1440 quarn
875 1363 977 1442 pridie
1003 1382 1102 1424 nonas
1124 1362 1322 1440 Septembres

223 1483 252 1554 1o
271 1471 413 1530 insecuta
434 1474 482 1529 est
503 1468 581 1543 dies,
597 1467 683 1528 edita
703 1468 781 1528 hora
796 1487 865 1528 cunr
882 1467 957 1529 luna
978 1468 1156 1544 defecisset,
1172 1467 1323 1528 Romanis

272 1574 427 1634 militibus
442 1572 528 1634 Galli
542 1573 699 1651 sapientia
713 1590 809 1651 prope
824 1573 933 1634 divina
947 1573 1061 1634 videri:
1085 1573 1275 1634 Macedonas
1289 1578 1326 1632 ut

271 1680 362 1739 triste
377 1678 566 1756 prodigium,
578 1697 721 1738 occasum
735 1679 824 1755 regni
838 1679 1070 1756 perniciemque
1085 1679 1189 1754 gentis
1203 1684 1326 1756 porten-

270 1786 348 1845 dens
357 1785 471 1858 movit3
493 1802 550 1843 nec
564 1783 657 1843 aliter
671 1789 766 1843 vates.
809 1783 934 1866 Clamor
949 1783 1150 1861 ululatusque
1165 1784 1199 1842 in
1214 1782 1326 1844 castris
1400 1832 1404 1841 .

271 1890 478 1950 Macedonum
493 1889 565 1963 fuit,
581 1889 679 1948 donec
693 1887 769 1948 luna
782 1888 816 1947 in
831 1907 918 1948 suam
934 1888 1034 1948 lucem
1050 1889 1186 1950 emersit.

223 2011 251 2056 rt
311 1997 443 2055 Postero
464 1995 676 2054 die-tantus
694 1994 820 2071 utrique
845 1995 937 2054 ardor
961 1994 1114 2054 exercitui
1138 1996 1179 2055 ad
1201 2013 1326 2055 concur·

271 2100 402 2160 rendum
423 2100 537 2173 fuerat,
561 2104 596 2158 ut
617 2104 649 2159 et
669 2117 770 2174 regem
798 2105 831 2158 et
857 2099 1016 2159 consulem
1039 2119 1164 2160 suorum
1186 2100 1324 2177 quidam,

271 2205 355 2283 quod
371 2205 438 2265 sine
453 2204 571 2282 proelio
580 2204 752 2264 discessum
764 2209 855 2279 esset,
867 2210 1091 2265 accusarent—
1101 2206 1167 2280 regi
1178 2212 1326 2283 prompta

271 2310 415 2371 defensio
436 2315 512 2385 erat,
527 2328 591 2368 non
611 2328 647 2368 eo
669 2308 770 2368 solum
785 2309 867 2386 quod
887 2309 988 2370 hostis
1010 2309 1104 2387 prior,
1124 2315 1231 2387 aperte
1251 2329 1326 2387 pug-

270 2435 343 2476 nam
358 2416 547 2490 detractans,
563 2415 596 2472 in
619 2420 721 2474 castra
735 2415 840 2492 copias
855 2415 1042 2490 reduxisset,
1059 2416 1224 2476 sedetiam
1240 2415 1325 2492 quod

222 2533 252 2579 20
270 2540 307 2581 eo
320 2521 389 2580 loco
410 2520 500 2596 signa
519 2519 814 2596 constituissetque
833 2519 981 2598 phalanx,
997 2539 1090 2597 quam
1109 2520 1254 2580 inutilem
1274 2520 1323 2582 vel

270 2625 437 2686 mediocris
464 2625 617 2702 iniquitas
649 2623 711 2684 loci
743 2623 886 2700 efficeret,
915 2625 1091 2703 promoveri
1118 2645 1181 2685 non
1209 2633 1323 2704 posset.

271 2731 396 2806 Consul,
407 2731 446 2790 ad
458 2730 491 2789 id
503 2729 586 2807 quod
595 2730 696 2807 pridie
702 2730 954 2814 praetermisisse
961 2730 1122 2808 pugnandi
1131 2732 1324 2792 occasionem

271 2832 436 2897 videbatur
451 2843 483 2894 et
498 2835 599 2894 locum
618 2835 741 2895 dedisse
761 2835 846 2896 hosti
869 2835 896 2896 si
919 2841 1009 2896 nocte
1029 2836 1114 2896 abire
1129 2836 1234 2913 vellet,
1250 2843 1326 2898 tunc

270 2960 394 3020 quoque
418 2959 475 3018 per
504 2940 638 3018 speciem
666 2939 851 3000 immolandi
875 2946 975 3001 terere
999 2940 1166 3001 videbatur
1190 2948 1324 3020 tempus,

221 3057 251 3102 25
270 3067 341 3107 curn
356 3047 424 3106 luce
440 3045 542 3124 prima
557 3045 679 3122 signum
696 3045 891 3123 propositum
906 3065 1029 3123 pugnae
1043 3047 1083 3106 ad
1098 3047 1276 3107 exeundum
1291 3048 1325 3107 in

271 3153 369 3212 aciem
384 3152 508 3211 fuisset.
553 3151 660 3211 Tertia
671 3151 796 3210 demum
811 3152 889 3210 hora
903 3150 1054 3213 sacrificio
1069 3152 1129 3212 rite
1144 3159 1325 3231 perpetrato

270 3259 311 3318 ad
333 3257 500 3316 consilium
526 3257 665 3333 vocavit3
689 3263 782 3334 atque
797 3256 851 3332 ibi,
866 3257 951 3334 quod
964 3256 1010 3316 rei
1025 3259 1177 3333 gerendae
1201 3265 1326 3337 tempus

270 3369 363 3438 esset,
378 3362 535 3440 loquendo
558 3369 588 3423 et
609 3363 833 3440 intempestive
849 3362 1057 3424 consultando
1071 3365 1236 3426 videbatur
1260 3367 1327 3444 qui-

271 3469 402 3529 busdam
426 3469 601 3529 extrahere.
643 3469 719 3528 Post
737 3487 894 3530 sermones
908 3475 1015 3530 tamen
1029 3471 1137 3531 consul
1152 3471 1326 3532 orationem

222 3577 251 3625 ³0
271 3573 390 3634 habuit.
448 3574 508 3633 “P.
544 3574 669 3650 Nasica,
705 3575 847 3651 egregius
882 3576 1072 3653 adolescens,
1108 3595 1147 3637 ex
1181 3576 1326 3638 omnibus

271 3699 352 3742 unus
376 3679 490 3758 quibus
516 3679 663 3740 hesterno
688 3681 738 3740 die
762 3681 896 3759 pugnari
917 3682 1042 3760 placuit,
1059 3682 1232 3743 denudavit
1246 3682 1327 3741 mihi

273 3805 365 3848 suurn
386 3785 561 3860 consilium,
583 3785 666 3845 idem
687 3792 804 3863 postea,
833 3786 879 3847 ita
903 3792 940 3846 ut
964 3787 1115 3848 transisse
1144 3787 1177 3846 in
1206 3793 1328 3847 senten·
