3038 4278
487 331 617 386 LIVY’S
640 329 792 385 ROMAN
817 329 997 384 HISTORY
1220 318 1264 385 65

211 500 290 560 tiam
303 518 402 560 meam
420 500 527 560 videre
541 506 656 578 posset,
671 499 780 560 tacuit.
810 499 1003 570 Quibusdam
1017 499 1089 561 aliis
1104 500 1264 560 absentem

211 622 337 683 carpere
371 605 591 682 imperatorem
632 624 725 682 quam
760 610 955 682 praesentem
992 622 1116 664 monere
1151 605 1264 667 melius

210 710 313 770 visum
336 716 393 770 est.
435 711 478 770 Et
492 709 560 785 tibi,
578 711 610 770 P.
626 710 752 785 Nasica,
768 715 799 770 at
818 710 1007 787 quicumque
1025 710 1108 770 idem
1125 711 1208 788 quod
1228 718 1264 770 tu

211 818 364 879 occultius
386 824 557 893 senserunt,
580 837 643 878 non
671 818 822 894 gravabor
850 819 978 878 reddere
1001 819 1117 880 dilatae
1142 837 1264 897 pugnae

211 922 372 983 rationem.
413 925 497 983 Nam
517 929 640 984 tantum
662 924 750 984 abest
771 930 807 984 ut
821 943 870 984 me
885 925 1050 985 hesternae
1065 924 1181 1002 quietis
1196 944 1264 1002 pae
1283 941 1297 986 a

211 1029 320 1105 niteat,
343 1035 379 1091 ut
403 1036 562 1090 servatum
586 1050 606 1090 a
632 1050 680 1090 me
709 1031 881 1091 exercitum
908 1049 944 1091 eo
971 1031 1102 1091 consilio
1130 1032 1262 1091 credam.

211 1135 251 1194 In
266 1154 329 1212 qua
350 1154 400 1194 me
419 1135 565 1214 opinione
580 1154 648 1197 esse
662 1155 702 1196 ne
716 1136 788 1214 quis
803 1136 870 1196 sinc
885 1155 978 1196 causa
993 1143 1132 1196 vestrum
1148 1137 1262 1210 credat,

211 1246 411 1318 recognoscat
438 1242 571 1318 agedum
595 1260 726 1316 mecum,
748 1241 776 1302 si
800 1241 935 1314 videtur,
958 1261 1051 1318 quam
1080 1241 1181 1302 multa
1208 1261 1264 1319 pro

210 1345 301 1406 hoste
329 1351 362 1407 et
393 1346 546 1408 adversus
580 1365 637 1406 nos
667 1347 797 1407 fuerint.
839 1346 907 1406 Iam
944 1346 1081 1406 omnium
1117 1346 1263 1425 primum,

210 1457 363 1528 quantum
382 1471 510 1512 numero
526 1471 584 1512 nos
606 1457 776 1530 praestent,
792 1451 947 1512 neminem
966 1457 1103 1512 vestrum
1119 1471 1177 1512 nec
1191 1459 1263 1512 ante
1284 1463 1313 1508 10

210 1555 379 1633 ignorasse,
415 1562 447 1617 et
480 1556 627 1618 hesterno
662 1557 713 1616 die
748 1556 935 1635 explicatam
971 1557 1130 1617 intuentes
1165 1557 1263 1618 aciem

210 1661 471 1723 animadvertisse
506 1668 624 1722 certum
652 1662 759 1722 habeo.
786 1663 851 1721 Ἐκ
878 1661 936 1721 hac
965 1667 1071 1723 nostra
1106 1662 1264 1740 paucitate

211 1773 324 1845 quarta
350 1786 423 1845 pars
451 1766 589 1826 militum
611 1767 769 1844 praesidio
790 1766 1026 1844 impedimentis
1047 1767 1157 1828 relicta
1178 1773 1245 1827 erat
1255 1791 1263 1843 ;

210 1890 267 1932 nec
296 1871 534 1948 ignavissimum
560 1891 714 1950 quemque
742 1871 878 1950 relinqui
906 1872 946 1931 ad
975 1873 1148 1932 custodiam
1173 1873 1264 1933 sarci-

210 1997 322 2038 narum
344 1977 439 2038 scitis.
484 1977 546 2038 Sed
565 1977 719 2037 fuerimus
741 1995 857 2036 omnes.
899 1977 1035 2036 Parvum
1057 1976 1116 2037 hoc
1137 1978 1312 2038 tandem15

210 2101 279 2144 esse
307 2083 473 2157 credimus,
499 2083 582 2160 quod
610 2102 648 2142 ex
676 2082 726 2142 his
754 2081 865 2142 castris
894 2082 927 2140 in
946 2082 1065 2159 'quibus
1090 2083 1149 2142 hac
1172 2089 1263 2143 nocte

210 2188 383 2248 mansimus
404 2188 520 2248 exituri
538 2187 572 2246 in
586 2187 684 2247 aciem
703 2186 855 2247 hodierno
877 2192 932 2246 aut
956 2175 1111 2247 summum
1126 2189 1263 2248 crastino

211 2293 271 2369 die,
287 2293 315 2354 si
331 2293 378 2353 ita
391 2292 559 2367 videbitur,
574 2292 636 2352 diis
650 2291 728 2352 bene
743 2290 934 2366 iuvantibus,
953 2294 1087 2352 sumus?
1130 2293 1263 2354 Nihilne

209 2398 351 2473 interest,
365 2403 471 2459 utrum
493 2396 626 2456 militem
646 2415 738 2474 quem
753 2416 853 2474 neque
871 2396 940 2456 viae
955 2397 1042 2456 labor
1056 2397 1148 2458 hodie
1163 2417 1264 2476 neque

211 2503 315 2582 operis
329 2502 522 2578 fatigaverit,
538 2502 722 2580 requietum,
737 2502 894 2578 integrum
908 2502 942 2560 in
956 2503 1092 2562 tentorio
1107 2522 1162 2563 suo
1177 2523 1265 2564 arma
1283 2519 1313 2563 ao

210 2627 320 2687 capere
342 2608 459 2683 iubeas,
481 2613 574 2684 atque
595 2607 629 2666 in
650 2607 748 2666 aciem
769 2607 897 2684 plenum
919 2607 1034 2667 virium
1053 2591 1211 2683 rigentem
1232 2615 1263 2668 et

211 2732 337 2792 corpore
352 2719 384 2772 et
398 2713 504 2773 animo
518 2713 640 2786 educas,
653 2731 693 2772 an
707 2712 800 2788 longo
813 2712 927 2773 itinere
940 2713 1109 2788 fatigatum
1125 2719 1157 2773 et
1171 2732 1263 2775 onere

209 2820 339 2894 fessum,
367 2819 546 2878 madentem
573 2818 694 2893 sudore,
723 2817 906 2877 ardentibus
935 2817 988 2877 siti
1022 2818 1176 2893 faucibus,
1212 2839 1263 2879 ore

210 2930 305 3002 atque
327 2923 426 2984 oculis
444 2923 573 3001 repletis
594 2921 733 3001 pulvere,
748 2927 887 2982 torrente
902 2922 1075 2982 meridiano
1090 2924 1163 3000 sole,
1179 2924 1263 2984 hosti

210 3029 326 3090 obicias
341 3029 468 3104 recenti,
483 3028 633 3107 requieto,
649 3028 703 3105 qui
725 3027 812 3087 nulla
831 3045 864 3087 re
879 3033 951 3088 ante
966 3035 1166 3107 consumptas
1180 3030 1263 3091 vires
1283 3044 1312 3090 aa

210 3136 250 3196 ad
265 3136 417 3215 proelium
431 3135 578 3196 adierat?
615 3133 702 3208 Quis,
715 3153 770 3211 pro
781 3134 872 3192 deum
885 3133 988 3207 fidem,
1000 3133 1047 3194 ita
1057 3141 1262 3212 comparatus,

210 3243 261 3302 vel
290 3243 375 3302 iners
400 3248 494 3320 atque
515 3239 662 3315 imbellis,
685 3239 892 3299 fortissimum
915 3238 1019 3298 virum
1040 3259 1103 3299 non
1128 3240 1262 3300 vicerit?

210 3347 293 3419 Quid
313 3348 397 3425 quod
418 3348 524 3408 hostes
546 3365 602 3424 per
619 3364 774 3406 summum
797 3344 897 3404 otium
920 3344 1135 3405 instruxerant
1155 3346 1262 3421 aciem,

209 3458 472 3532 praeparaverant
506 3453 636 3528 animos,
669 3452 795 3512 stabant
829 3451 995 3529 compositi
1030 3452 1095 3512 suis
1130 3452 1263 3530 quisque

209 3559 380 3634 ordinibus,
409 3558 500 3619 nobis
527 3564 603 3618 tunc
637 3563 765 3635 repente
793 3557 1015 3635 trepidandum
1051 3557 1084 3617 in
1119 3557 1185 3618 acie
1219 3557 1263 3617 in·
1283 3567 1313 3612 30

210 3665 359 3724 struenda
383 3670 451 3724 erat
475 3670 508 3723 et
532 3662 746 3741 incompositis
767 3664 1039 3723 concurrendum?
1072 3663 1117 3722 At
1138 3663 1263 3723 hercule

209 3768 306 3833 aciem
344 3769 472 3851 quidem
507 3768 701 3832 inconditam
732 3766 1003 3848 inordinatamque
1036 3767 1263 3844 habuissemus,
