3038 4278
246 327 291 396 80
567 337 693 395 carm
718 339 967 397 suuncrrous

246 517 328 586 erat,
351 531 413 571 non
434 511 538 572 nullos
559 529 598 570 ex
620 511 759 572 Sullanis
782 509 923 587 coloniis,
939 511 1053 589 quibus
1074 510 1183 572 lubido
1204 517 1298 589 atque

245 616 372 677 luxuria
386 636 424 676 ex
439 617 559 693 magnis
574 616 693 694 rapinis
708 616 785 675 nihil
801 616 916 694 reliqui
931 617 1057 677 fecerat.

250 813 302 862 th
315 813 461 876 becinninp
474 813 506 874 cs
520 813 670 862 hostilitia.
711 812 899 874 Otrero’sstrst
913 815 1021 863 oration
1040 814 1149 876 accinat
1170 784 1296 863 Catilina.

532 902 675 954 Catiline'a
686 904 829 966 departure
836 904 912 965 from
924 903 1017 954 Rome.

285 1037 333 1095 Ea
349 1054 418 1095 cnm
442 1033 585 1094 Ciceroni
607 1035 837 1109 nuntiarentur,
862 1034 993 1113 ancipiti
1017 1035 1099 1096 malo
1128 1041 1298 1113 permotus,

246 1141 330 1218 quod
343 1158 444 1217 neque
458 1139 564 1200 urbem
581 1139 620 1200 ab
641 1139 766 1200 insidiis
786 1139 911 1218 privato
931 1139 1063 1200 consilio
1077 1139 1202 1217 longius
1217 1141 1299 1200 tueri

201 1246 227 1309 '5
246 1251 369 1324 poterat
397 1263 498 1322 neque
525 1244 681 1305 exercitus
710 1245 810 1304 Manli
836 1251 972 1322 quantus
996 1251 1051 1304 aut
1078 1264 1140 1322 quo
1168 1245 1300 1306 oonsilio

246 1351 329 1410 foret
346 1350 425 1410 satis
442 1355 636 1428 compertum
654 1350 798 1424 habebat,
814 1369 879 1410 rem
896 1350 936 1410 ed
955 1354 1098 1410 senatum
1114 1351 1220 1426 refert,
1236 1351 1299 1410 iam

247 1463 339 1516 antea
351 1455 435 1530 volgi
446 1454 623 1514 rumoribus
639 1455 838 1532 exagitatam.
882 1456 1003 1532 Itaque,
1016 1456 1100 1533 quod
1114 1454 1299 1533 plerumque

247 1562 279 1620 in
304 1560 402 1622 atroci
430 1560 555 1638 negotio
583 1559 672 1634 solet,
702 1567 830 1620 senatus
858 1560 1006 1634 decrevit,
1035 1561 1147 1621 darent
1174 1579 1299 1639 operam

247 1667 390 1727 consules
404 1685 444 1726 ne
453 1667 530 1744 quid
539 1684 589 1726 res
598 1665 724 1743 publica
733 1665 915 1726 detrimenti
925 1672 1058 1744 caperet.
1099 1667 1148 1726 Ea
1161 1671 1299 1744 potestas

200 1785 228 1831 10
245 1791 303 1850 per
317 1776 461 1832 senatum
475 1790 559 1832 more
574 1772 716 1831 Romano
730 1770 928 1845 magistratui
940 1790 1087 1832 maxuma
1097 1771 1299 1849 permittitur,

247 1877 417 1937 exercitum
443 1875 702 1954 parare,bellun1
728 1893 843 1952 gerere,
864 1894 1004 1936 coercere
1029 1877 1174 1936 omnibus
1199 1875 1300 1936 modis

248 1982 346 2043 socios
358 1990 452 2059 atque
464 1981 552 2056 civis,
563 1981 648 2042 domi
659 1981 852 2057 militiaeque
861 1981 1025 2058 imperium
1039 1987 1134 2057 atque
1149 1980 1300 2041 iudicium

249 2107 403 2158 summum
427 2087 558 2163 habere;
589 2086 682 2146 aliter
706 2085 773 2145 siue
801 2085 911 2163 populi
931 2085 1019 2146 iussu
1047 2086 1166 2147 nullius
1194 2104 1300 2146 earum

247 2212 350 2252 rerum
365 2192 485 2252 consuli
500 2192 549 2252 ius
564 2197 620 2252 est.

199 2308 229 2353 15
287 2298 364 2358 Post
389 2315 504 2375 paucos
529 2296 596 2356 dies
620 2296 655 2356 L.
683 2297 814 2356 Saenius
838 2302 963 2356 senator
984 2297 1018 2355 in
1043 2303 1155 2356 senatu
1177 2297 1300 2357 litteras

247 2403 401 2477 recitavit,
430 2421 507 2479 quas
545 2399 689 2462 Faesulis
722 2400 836 2460 allatas
865 2401 926 2461 sibi
962 2400 1094 2476 dicebat,
1123 2401 1157 2460 in
1187 2402 1300 2479 quibus

248 2508 399 2586 scriptum
415 2515 482 2566 erat
503 2506 535 2567 C.
552 2506 707 2567 Manlium
725 2524 813 2565 arma
834 2506 954 2583 cepisse
973 2525 1043 2565 oum
1065 2525 1178 2582 magna
1198 2506 1302 2566 multi·

248 2613 359 2673 tudine
373 2616 445 2672 ante
460 2611 544 2670 diem
559 2611 605 2671 VI
618 2610 780 2670 Kalendas
800 2610 997 2671 Novembris.
1044 2611 1154 2687 Simul,
1170 2612 1203 2671 id
1218 2612 1302 2689 quod

248 2719 281 2776 in
295 2717 353 2777 tali
367 2736 400 2777 re
418 2716 506 2790 solet,
521 2715 577 2775 alii
597 2721 743 2793 portenta
757 2721 851 2792 atque
872 2715 1016 2792 prodigia
1033 2716 1230 2791 nuntiabant,
1246 2717 1301 2776 alii

199 2833 229 2877 ao
248 2827 419 2882 conventus
434 2820 512 2895 fieri,
525 2839 611 2880 arma
622 2821 750 2899 portari,
763 2820 887 2898 Capuae
901 2825 997 2897 atque
1010 2821 1044 2879 in
1056 2820 1174 2898 Apulia
1188 2822 1301 2881 servile

248 2927 364 2987 bellum
380 2926 506 2985 moveri.
549 2925 652 3001 Igitur
661 2926 760 2985 senati
773 2925 898 2984 decreto
912 2925 946 2995 Q.
960 2925 1099 2985 Marcius
1109 2928 1179 2986 Rex
1190 2928 1303 2986 Faesu-

248 3033 304 3106 las,
320 3033 353 3102 Q.
370 3030 519 3091 Metellus
528 3030 670 3091 Creticus
685 3029 716 3088 in
733 3028 882 3107 Apuliam
894 3030 1073 3108 circumque
1084 3049 1121 3091 ea
1131 3031 1199 3092 loca
1213 3033 1302 3091 missi

246 3137 324 3196 —ei
339 3136 464 3213 utrique
479 3136 520 3196 ad
534 3135 640 3195 urbem
652 3135 856 3213 imperatores
871 3141 970 3210 erant,
985 3135 1131 3213 impediti
1142 3154 1181 3196 ne
1195 3137 1303 3197 trium·

248 3242 382 3320 pharent
396 3241 553 3301 calumnia
567 3259 744 3318 paucorum,
757 3239 872 3318 quibus
887 3235 992 3301 omiria
1006 3241 1139 3302 honesta
1152 3248 1247 3320 atque
1259 3243 1303 3302 in-

122 3359 124 3364 ·
199 3359 229 3404 25
248 3347 380 3407 honesta
390 3347 521 3406 vendere
531 3365 597 3406 mos
608 3344 782 3406 erat-sed
793 3351 950 3423 praetores
962 3346 997 3416 Q.
1013 3347 1182 3424 Pompeius
1196 3348 1303 3408 Rufus

248 3452 396 3530 Capuam,
409 3453 442 3522 Q.
456 3451 604 3512 Metellus
616 3450 707 3511 Celer
717 3451 751 3509 in
763 3469 872 3525 agrum
882 3451 1043 3527 Picenum,
1057 3451 1164 3530 eisque
1175 3453 1304 3531 permis

249 3577 316 3617 sum
334 3558 382 3617 uti
397 3577 453 3635 pro
470 3563 609 3635 tempore
624 3563 718 3634 atque
733 3555 872 3634 periculo
889 3557 1060 3617 exercitum
1077 3563 1302 3636 compararent.

248 3664 300 3722 Ad
314 3663 381 3737 hoc,
394 3663 421 3723 si
435 3662 506 3739 quis
521 3661 726 3723 iudicavisset
740 3661 778 3720 de
794 3661 1007 3722 coniuratione
1023 3681 1102 3740 quae
1117 3670 1226 3725 contra
1239 3683 1304 3724 rem

248 3767 406 3846 publicam
423 3768 510 3827 facta
524 3773 600 3842 erat,
615 3767 788 3844 praemium
804 3750 895 3827 servo
911 3765 1089 3828 libertatem
1106 3774 1139 3829 et
1159 3769 1305 3830 sestertia
