<?xml version="1.0" encoding="UTF-8"?>
<!DOCTYPE html PUBLIC "-//W3C//DTD XHTML 1.0 Transitional//EN"
    "http://www.w3.org/TR/xhtml1/DTD/xhtml1-transitional.dtd">
<html xmlns="http://www.w3.org/1999/xhtml" xml:lang="en" lang="en">
 <head>
  <title>
</title>
<meta http-equiv="Content-Type" content="text/html;charset=utf-8" />
  <meta name='ocr-system' content='tesseract 3.04.00' />
  <meta name='ocr-capabilities' content='ocr_page ocr_carea ocr_par ocr_line ocrx_word'/>
</head>
<body>
  <div class='ocr_page' id='page_1' title='image "./selectionsfromr00miergoog_0142.png"; bbox 0 0 3058 4284; ppageno 0'>
   <div class='ocr_carea' id='block_1_1' title="bbox 548 335 1270 410">
    <p class='ocr_par' dir='ltr' id='par_1_1' title="bbox 548 335 1270 410">
     <span class='ocr_line' id='line_1_1' title="bbox 548 335 1270 410; baseline -0.007 0"><span class='ocrx_word' id='word_1_1' title='bbox 548 351 734 410; x_wconf 77' lang='lat' dir='ltr'><strong>morsos</strong></span> <span class='ocrx_word' id='word_1_2' title='bbox 757 350 939 407; x_wconf 77' lang='lat' dir='ltr'><strong>currens</strong></span> <span class='ocrx_word' id='word_1_3' title='bbox 1203 335 1270 405; x_wconf 86' lang='lat'><strong>127</strong></span> 
     </span>
    </p>
   </div>
   <div class='ocr_carea' id='block_1_2' title="bbox 216 521 1321 2492">
    <p class='ocr_par' dir='ltr' id='par_1_2' title="bbox 216 521 1321 2178">
     <span class='ocr_line' id='line_1_2' title="bbox 216 521 1270 602; baseline -0.005 -18"><span class='ocrx_word' id='word_1_4' title='bbox 216 524 434 602; x_wconf 79' lang='lat' dir='ltr'><strong>opportunitas</strong></span> <span class='ocrx_word' id='word_1_5' title='bbox 445 529 480 584; x_wconf 90' lang='lat' dir='ltr'><strong>ut</strong></span> <span class='ocrx_word' id='word_1_6' title='bbox 494 523 574 583; x_wconf 89' lang='lat' dir='ltr'><strong>illud</strong></span> <span class='ocrx_word' id='word_1_7' title='bbox 590 523 694 583; x_wconf 88' lang='lat' dir='ltr'><strong>nescio</strong></span> <span class='ocrx_word' id='word_1_8' title='bbox 705 523 782 600; x_wconf 91' lang='lat' dir='ltr'><strong>quid</strong></span> <span class='ocrx_word' id='word_1_9' title='bbox 795 542 859 582; x_wconf 89' lang='lat' dir='ltr'><strong>non</strong></span> <span class='ocrx_word' id='word_1_10' title='bbox 874 522 1042 582; x_wconf 86' lang='lat' dir='ltr'><strong>fortuitum</strong></span> <span class='ocrx_word' id='word_1_11' title='bbox 1057 521 1111 584; x_wconf 88' lang='lat' dir='ltr'><strong>sed</strong></span> <span class='ocrx_word' id='word_1_12' title='bbox 1127 521 1270 581; x_wconf 89' lang='lat' dir='ltr'><strong>divinum</strong></span> 
     </span>
     <span class='ocr_line' id='line_1_3' title="bbox 216 627 1271 704; baseline -0.004 -15"><span class='ocrx_word' id='word_1_13' title='bbox 216 629 384 690; x_wconf 89' lang='lat' dir='ltr'><strong>videretur.</strong></span> <span class='ocrx_word' id='word_1_14' title='bbox 427 629 523 688; x_wconf 90' lang='lat' dir='ltr'><strong>Mitto</strong></span> <span class='ocrx_word' id='word_1_15' title='bbox 538 629 635 704; x_wconf 86' lang='lat' dir='ltr'><strong>igitur</strong></span> <span class='ocrx_word' id='word_1_16' title='bbox 649 629 688 688; x_wconf 88' lang='lat' dir='ltr'><strong>ad</strong></span> <span class='ocrx_word' id='word_1_17' title='bbox 704 635 735 688; x_wconf 88' lang='lat' dir='ltr'><strong>te</strong></span> <span class='ocrx_word' id='word_1_18' title='bbox 750 627 930 688; x_wconf 76' lang='lat' dir='ltr'><strong>Trebatium</strong></span> <span class='ocrx_word' id='word_1_19' title='bbox 953 634 1047 704; x_wconf 90' lang='lat' dir='ltr'><strong>atque</strong></span> <span class='ocrx_word' id='word_1_20' title='bbox 1062 627 1108 687; x_wconf 90' lang='lat' dir='ltr'><strong>ita</strong></span> <span class='ocrx_word' id='word_1_21' title='bbox 1130 627 1221 686; x_wconf 89' lang='lat' dir='ltr'><strong>mitto</strong></span> <span class='ocrx_word' id='word_1_22' title='bbox 1235 631 1271 685; x_wconf 96' lang='lat' dir='ltr'><strong>ut</strong></span> 
     </span>
     <span class='ocr_line' id='line_1_4' title="bbox 217 731 1271 811; baseline -0.003 -18"><span class='ocrx_word' id='word_1_23' title='bbox 217 734 310 794; x_wconf 91' lang='lat' dir='ltr'><strong>initio</strong></span> <span class='ocrx_word' id='word_1_24' title='bbox 338 752 407 794; x_wconf 89' lang='lat' dir='ltr'><strong>mea</strong></span> <span class='ocrx_word' id='word_1_25' title='bbox 434 740 554 811; x_wconf 90' lang='lat' dir='ltr'><strong>sponte,</strong></span> <span class='ocrx_word' id='word_1_26' title='bbox 584 740 655 811; x_wconf 88' lang='lat' dir='ltr'><strong>post</strong></span> <span class='ocrx_word' id='word_1_27' title='bbox 687 740 790 794; x_wconf 84' lang='lat' dir='ltr'><strong>autem</strong></span> <span class='ocrx_word' id='word_1_28' title='bbox 827 733 964 792; x_wconf 86' lang='lat' dir='ltr'><strong>invitatu</strong></span> <span class='ocrx_word' id='word_1_29' title='bbox 999 737 1054 791; x_wconf 94' lang='lat' dir='ltr'><strong>tuo</strong></span> <span class='ocrx_word' id='word_1_30' title='bbox 1082 731 1271 791; x_wconf 90' lang='lat' dir='ltr'><strong>mittendum</strong></span> 
     </span>
     <span class='ocr_line' id='line_1_5' title="bbox 217 837 1270 914; baseline -0.003 -15"><span class='ocrx_word' id='word_1_31' title='bbox 217 838 369 899; x_wconf 83' lang='lat' dir='ltr'><strong>duxerim.</strong></span> <span class='ocrx_word' id='word_1_32' title='bbox 413 839 516 913; x_wconf 90' lang='lat' dir='ltr'><strong>Hunc,</strong></span> <span class='ocrx_word' id='word_1_33' title='bbox 538 837 583 897; x_wconf 91' lang='lat' dir='ltr'><strong>mi</strong></span> <span class='ocrx_word' id='word_1_34' title='bbox 604 838 727 914; x_wconf 81' lang='lat' dir='ltr'><strong>Caesar,</strong></span> <span class='ocrx_word' id='word_1_35' title='bbox 750 837 795 898; x_wconf 90' lang='lat' dir='ltr'><strong>sic</strong></span> <span class='ocrx_word' id='word_1_36' title='bbox 824 837 918 897; x_wconf 85' lang='lat' dir='ltr'><strong>velim</strong></span> <span class='ocrx_word' id='word_1_37' title='bbox 941 837 1025 896; x_wconf 89' lang='lat' dir='ltr'><strong>omni</strong></span> <span class='ocrx_word' id='word_1_38' title='bbox 1047 843 1103 897; x_wconf 87' lang='lat' dir='ltr'><strong>tua</strong></span> <span class='ocrx_word' id='word_1_39' title='bbox 1123 837 1270 897; x_wconf 85' lang='lat' dir='ltr'><strong>comitate</strong></span> 
     </span>
     <span class='ocr_line' id='line_1_6' title="bbox 216 941 1304 1022; baseline -0.003 -18"><span class='ocrx_word' id='word_1_40' title='bbox 216 943 423 1022; x_wconf 78' lang='lat' dir='ltr'><strong>complectare</strong></span> <span class='ocrx_word' id='word_1_41' title='bbox 437 949 473 1002; x_wconf 92' lang='lat' dir='ltr'><strong>ut</strong></span> <span class='ocrx_word' id='word_1_42' title='bbox 487 943 592 1003; x_wconf 88' lang='lat' dir='ltr'><strong>omnia</strong></span> <span class='ocrx_word' id='word_1_43' title='bbox 606 961 684 1020; x_wconf 91' lang='lat' dir='ltr'><strong>quae</strong></span> <span class='ocrx_word' id='word_1_44' title='bbox 700 962 755 1021; x_wconf 91' lang='lat' dir='ltr'><strong>per</strong></span> <span class='ocrx_word' id='word_1_45' title='bbox 769 961 819 1002; x_wconf 89' lang='lat' dir='ltr'><strong>me</strong></span> <span class='ocrx_word' id='word_1_46' title='bbox 840 943 943 1020; x_wconf 90' lang='lat' dir='ltr'><strong>possis</strong></span> <span class='ocrx_word' id='word_1_47' title='bbox 958 941 1072 1002; x_wconf 89' lang='lat' dir='ltr'><strong>adduci</strong></span> <span class='ocrx_word' id='word_1_48' title='bbox 1086 948 1123 1002; x_wconf 92' lang='lat' dir='ltr'><strong>ut</strong></span> <span class='ocrx_word' id='word_1_49' title='bbox 1138 942 1171 1005; x_wconf 92' lang='lat' dir='ltr'><strong>in</strong></span> <span class='ocrx_word' id='word_1_50' title='bbox 1185 960 1271 1002; x_wconf 89' lang='lat' dir='ltr'><strong>meos</strong></span> <span class='ocrx_word' id='word_1_51' title='bbox 1289 964 1304 1009; x_wconf 77' lang='lat' dir='ltr'><strong>s</strong></span> 
     </span>
     <span class='ocr_line' id='line_1_7' title="bbox 217 1048 1270 1125; baseline -0.003 -16"><span class='ocrx_word' id='word_1_52' title='bbox 217 1049 358 1110; x_wconf 85' lang='lat' dir='ltr'><strong>conferre</strong></span> <span class='ocrx_word' id='word_1_53' title='bbox 374 1048 453 1108; x_wconf 83' lang='lat' dir='ltr'><strong>velis</strong></span> <span class='ocrx_word' id='word_1_54' title='bbox 468 1049 501 1107; x_wconf 90' lang='lat' dir='ltr'><strong>in</strong></span> <span class='ocrx_word' id='word_1_55' title='bbox 520 1067 619 1108; x_wconf 88' lang='lat' dir='ltr'><strong>unum</strong></span> <span class='ocrx_word' id='word_1_56' title='bbox 633 1048 716 1108; x_wconf 90' lang='lat' dir='ltr'><strong>hunc</strong></span> <span class='ocrx_word' id='word_1_57' title='bbox 737 1049 888 1108; x_wconf 88' lang='lat' dir='ltr'><strong>conferas.</strong></span> <span class='ocrx_word' id='word_1_58' title='bbox 932 1049 980 1107; x_wconf 93' lang='lat' dir='ltr'><strong>De</strong></span> <span class='ocrx_word' id='word_1_59' title='bbox 995 1067 1057 1125; x_wconf 90' lang='lat' dir='ltr'><strong>quo</strong></span> <span class='ocrx_word' id='word_1_60' title='bbox 1070 1048 1130 1109; x_wconf 92' lang='lat' dir='ltr'><strong>tibi</strong></span> <span class='ocrx_word' id='word_1_61' title='bbox 1144 1048 1270 1107; x_wconf 91' lang='lat' dir='ltr'><strong>homine</strong></span> 
     </span>
     <span class='ocr_line' id='line_1_8' title="bbox 217 1152 1270 1233; baseline -0.002 -19"><span class='ocrx_word' id='word_1_62' title='bbox 217 1155 293 1214; x_wconf 91' lang='lat' dir='ltr'><strong>baec</strong></span> <span class='ocrx_word' id='word_1_63' title='bbox 310 1153 446 1233; x_wconf 86' lang='lat' dir='ltr'><strong>spondeo</strong></span> <span class='ocrx_word' id='word_1_64' title='bbox 460 1173 523 1213; x_wconf 89' lang='lat' dir='ltr'><strong>non</strong></span> <span class='ocrx_word' id='word_1_65' title='bbox 546 1153 601 1213; x_wconf 93' lang='lat' dir='ltr'><strong>illo</strong></span> <span class='ocrx_word' id='word_1_66' title='bbox 616 1159 720 1214; x_wconf 88' lang='lat' dir='ltr'><strong>vetere</strong></span> <span class='ocrx_word' id='word_1_67' title='bbox 736 1154 831 1214; x_wconf 86' lang='lat' dir='ltr'><strong>verbo</strong></span> <span class='ocrx_word' id='word_1_68' title='bbox 852 1171 920 1212; x_wconf 90' lang='lat' dir='ltr'><strong>meo</strong></span> <span class='ocrx_word' id='word_1_69' title='bbox 934 1153 1018 1231; x_wconf 92' lang='lat' dir='ltr'><strong>quod</strong></span> <span class='ocrx_word' id='word_1_70' title='bbox 1039 1171 1109 1212; x_wconf 91' lang='lat' dir='ltr'><strong>cum</strong></span> <span class='ocrx_word' id='word_1_71' title='bbox 1124 1153 1164 1212; x_wconf 87' lang='lat' dir='ltr'><strong>ad</strong></span> <span class='ocrx_word' id='word_1_72' title='bbox 1185 1152 1270 1212; x_wconf 89' lang='lat' dir='ltr'><strong>tede</strong></span> 
     </span>
     <span class='ocr_line' id='line_1_9' title="bbox 218 1257 1270 1337; baseline -0.002 -18"><span class='ocrx_word' id='word_1_73' title='bbox 218 1260 337 1319; x_wconf 80' lang='lat' dir='ltr'><strong>Milone</strong></span> <span class='ocrx_word' id='word_1_74' title='bbox 353 1259 547 1337; x_wconf 79' lang='lat' dir='ltr'><strong>scripsissem</strong></span> <span class='ocrx_word' id='word_1_75' title='bbox 562 1259 629 1318; x_wconf 90' lang='lat' dir='ltr'><strong>iure</strong></span> <span class='ocrx_word' id='word_1_76' title='bbox 644 1258 759 1334; x_wconf 90' lang='lat' dir='ltr'><strong>lusisti,</strong></span> <span class='ocrx_word' id='word_1_77' title='bbox 776 1259 830 1319; x_wconf 88' lang='lat' dir='ltr'><strong>sed</strong></span> <span class='ocrx_word' id='word_1_78' title='bbox 846 1277 930 1318; x_wconf 89' lang='lat' dir='ltr'><strong>more</strong></span> <span class='ocrx_word' id='word_1_79' title='bbox 946 1259 1088 1318; x_wconf 85' lang='lat' dir='ltr'><strong>Romano</strong></span> <span class='ocrx_word' id='word_1_80' title='bbox 1102 1277 1165 1335; x_wconf 93' lang='lat' dir='ltr'><strong>quo</strong></span> <span class='ocrx_word' id='word_1_81' title='bbox 1179 1257 1270 1317; x_wconf 90' lang='lat' dir='ltr'><strong>modo</strong></span> 
     </span>
     <span class='ocr_line' id='line_1_10' title="bbox 217 1362 1270 1441; baseline -0.001 -18"><span class='ocrx_word' id='word_1_82' title='bbox 217 1362 360 1424; x_wconf 89' lang='lat' dir='ltr'><strong>homines</strong></span> <span class='ocrx_word' id='word_1_83' title='bbox 375 1383 436 1423; x_wconf 91' lang='lat' dir='ltr'><strong>non</strong></span> <span class='ocrx_word' id='word_1_84' title='bbox 451 1363 553 1441; x_wconf 89' lang='lat' dir='ltr'><strong>inepti</strong></span> <span class='ocrx_word' id='word_1_85' title='bbox 567 1363 713 1424; x_wconf 90' lang='lat' dir='ltr'><strong>locuntur</strong></span> <span class='ocrx_word' id='word_1_86' title='bbox 730 1364 907 1441; x_wconf 87' lang='lat' dir='ltr'><strong>probiorem</strong></span> <span class='ocrx_word' id='word_1_87' title='bbox 927 1363 1094 1439; x_wconf 89' lang='lat' dir='ltr'><strong>hominem,</strong></span> <span class='ocrx_word' id='word_1_88' title='bbox 1110 1362 1270 1423; x_wconf 92' lang='lat' dir='ltr'><strong>meliorem</strong></span> 
     </span>
     <span class='ocr_line' id='line_1_11' title="bbox 218 1466 1320 1547; baseline 0.001 -20"><span class='ocrx_word' id='word_1_89' title='bbox 218 1470 330 1546; x_wconf 87' lang='lat' dir='ltr'><strong>virum,</strong></span> <span class='ocrx_word' id='word_1_90' title='bbox 359 1469 576 1547; x_wconf 89' lang='lat' dir='ltr'><strong>pudentiorem</strong></span> <span class='ocrx_word' id='word_1_91' title='bbox 605 1486 673 1529; x_wconf 89' lang='lat' dir='ltr'><strong>esse</strong></span> <span class='ocrx_word' id='word_1_92' title='bbox 701 1469 876 1545; x_wconf 82' lang='lat' dir='ltr'><strong>neminem3</strong></span> <span class='ocrx_word' id='word_1_93' title='bbox 916 1468 1037 1529; x_wconf 90' lang='lat' dir='ltr'><strong>accedit</strong></span> <span class='ocrx_word' id='word_1_94' title='bbox 1064 1466 1159 1529; x_wconf 89' lang='lat' dir='ltr'><strong>etiam</strong></span> <span class='ocrx_word' id='word_1_95' title='bbox 1180 1469 1270 1545; x_wconf 52' lang='lat' dir='ltr'><strong>*quod</strong></span> <span class='ocrx_word' id='word_1_96' title='bbox 1291 1489 1320 1534; x_wconf 92' lang='lat'><strong>10</strong></span> 
     </span>
     <span class='ocr_line' id='line_1_12' title="bbox 219 1573 1272 1650; baseline 0.001 -17"><span class='ocrx_word' id='word_1_97' title='bbox 219 1574 374 1634; x_wconf 81' lang='lat' dir='ltr'><strong>familiam</strong></span> <span class='ocrx_word' id='word_1_98' title='bbox 396 1574 484 1634; x_wconf 88' lang='lat' dir='ltr'><strong>ducit</strong></span> <span class='ocrx_word' id='word_1_99' title='bbox 508 1574 541 1634; x_wconf 93' lang='lat' dir='ltr'><strong>in</strong></span> <span class='ocrx_word' id='word_1_100' title='bbox 569 1575 638 1634; x_wconf 90' lang='lat' dir='ltr'><strong>iure</strong></span> <span class='ocrx_word' id='word_1_101' title='bbox 665 1573 754 1634; x_wconf 88' lang='lat' dir='ltr'><strong>civili</strong></span> <span class='ocrx_word' id='word_1_102' title='bbox 783 1573 935 1650; x_wconf 84' lang='lat' dir='ltr'><strong>singulari</strong></span> <span class='ocrx_word' id='word_1_103' title='bbox 964 1574 1121 1649; x_wconf 85' lang='lat' dir='ltr'><strong>memoria,</strong></span> <span class='ocrx_word' id='word_1_104' title='bbox 1150 1592 1272 1634; x_wconf 89' lang='lat' dir='ltr'><strong>summa</strong></span> 
     </span>
     <span class='ocr_line' id='line_1_13' title="bbox 220 1679 1271 1758; baseline -0.002 -18"><span class='ocrx_word' id='word_1_105' title='bbox 220 1680 360 1740; x_wconf 89' lang='lat' dir='ltr'><strong>scientia</strong></span> <span class='ocrx_word' id='word_1_106' title='bbox 403 1679 488 1739; x_wconf 92' lang='lat' dir='ltr'><strong>Huic</strong></span> <span class='ocrx_word' id='word_1_107' title='bbox 509 1698 567 1755; x_wconf 87' lang='lat' dir='ltr'><strong>ego</strong></span> <span class='ocrx_word' id='word_1_108' title='bbox 580 1697 681 1758; x_wconf 91' lang='lat' dir='ltr'><strong>neque</strong></span> <span class='ocrx_word' id='word_1_109' title='bbox 702 1680 896 1740; x_wconf 88' lang='lat' dir='ltr'><strong>tribunatum</strong></span> <span class='ocrx_word' id='word_1_110' title='bbox 920 1698 1020 1756; x_wconf 90' lang='lat' dir='ltr'><strong>neque</strong></span> <span class='ocrx_word' id='word_1_111' title='bbox 1042 1679 1271 1758; x_wconf 83' lang='lat' dir='ltr'><strong>praefecturam</strong></span> 
     </span>
     <span class='ocr_line' id='line_1_14' title="bbox 218 1783 1270 1863; baseline 0.001 -20"><span class='ocrx_word' id='word_1_112' title='bbox 218 1803 320 1862; x_wconf 86' lang='lat' dir='ltr'><strong>neque</strong></span> <span class='ocrx_word' id='word_1_113' title='bbox 340 1784 437 1846; x_wconf 89' lang='lat' dir='ltr'><strong>ullius</strong></span> <span class='ocrx_word' id='word_1_114' title='bbox 458 1785 602 1845; x_wconf 89' lang='lat' dir='ltr'><strong>beneficii</strong></span> <span class='ocrx_word' id='word_1_115' title='bbox 623 1792 744 1846; x_wconf 89' lang='lat' dir='ltr'><strong>certum</strong></span> <span class='ocrx_word' id='word_1_116' title='bbox 768 1802 882 1845; x_wconf 91' lang='lat' dir='ltr'><strong>nomen</strong></span> <span class='ocrx_word' id='word_1_117' title='bbox 910 1790 992 1863; x_wconf 90' lang='lat' dir='ltr'><strong>peto,</strong></span> <span class='ocrx_word' id='word_1_118' title='bbox 1022 1783 1270 1845; x_wconf 85' lang='lat' dir='ltr'><strong>benevolentiam</strong></span> 
     </span>
     <span class='ocr_line' id='line_1_15' title="bbox 219 1889 1271 1968; baseline -0.002 -18"><span class='ocrx_word' id='word_1_119' title='bbox 219 1897 305 1950; x_wconf 88' lang='lat' dir='ltr'><strong>tuam</strong></span> <span class='ocrx_word' id='word_1_120' title='bbox 320 1896 352 1950; x_wconf 92' lang='lat' dir='ltr'><strong>et</strong></span> <span class='ocrx_word' id='word_1_121' title='bbox 366 1890 588 1950; x_wconf 85' lang='lat' dir='ltr'><strong>liberalitatem</strong></span> <span class='ocrx_word' id='word_1_122' title='bbox 604 1896 677 1968; x_wconf 89' lang='lat' dir='ltr'><strong>peto</strong></span> <span class='ocrx_word' id='word_1_123' title='bbox 698 1909 799 1968; x_wconf 89' lang='lat' dir='ltr'><strong>neque</strong></span> <span class='ocrx_word' id='word_1_124' title='bbox 813 1890 951 1968; x_wconf 89' lang='lat' dir='ltr'><strong>impedio</strong></span> <span class='ocrx_word' id='word_1_125' title='bbox 965 1908 1027 1966; x_wconf 91' lang='lat' dir='ltr'><strong>quo</strong></span> <span class='ocrx_word' id='word_1_126' title='bbox 1041 1890 1154 1964; x_wconf 90' lang='lat' dir='ltr'><strong>minus,</strong></span> <span class='ocrx_word' id='word_1_127' title='bbox 1170 1890 1198 1950; x_wconf 88' lang='lat' dir='ltr'><strong>si</strong></span> <span class='ocrx_word' id='word_1_128' title='bbox 1211 1889 1271 1949; x_wconf 92' lang='lat' dir='ltr'><strong>tibi</strong></span> 
     </span>
     <span class='ocr_line' id='line_1_16' title="bbox 219 1994 1321 2074; baseline 0.005 -21"><span class='ocrx_word' id='word_1_129' title='bbox 219 1994 265 2056; x_wconf 90' lang='lat' dir='ltr'><strong>ita</strong></span> <span class='ocrx_word' id='word_1_130' title='bbox 285 1994 447 2074; x_wconf 86' lang='lat' dir='ltr'><strong>placuerit,</strong></span> <span class='ocrx_word' id='word_1_131' title='bbox 470 1995 565 2055; x_wconf 89' lang='lat' dir='ltr'><strong>etiam</strong></span> <span class='ocrx_word' id='word_1_132' title='bbox 586 1995 673 2055; x_wconf 87' lang='lat' dir='ltr'><strong>hisce</strong></span> <span class='ocrx_word' id='word_1_133' title='bbox 701 2014 772 2055; x_wconf 91' lang='lat' dir='ltr'><strong>eum</strong></span> <span class='ocrx_word' id='word_1_134' title='bbox 794 2013 885 2054; x_wconf 89' lang='lat' dir='ltr'><strong>ornes</strong></span> <span class='ocrx_word' id='word_1_135' title='bbox 906 1994 1055 2070; x_wconf 84' lang='lat' dir='ltr'><strong>gloriolae</strong></span> <span class='ocrx_word' id='word_1_136' title='bbox 1077 1994 1270 2071; x_wconf 86' lang='lat' dir='ltr'><strong>insignibus;</strong></span> <span class='ocrx_word' id='word_1_137' title='bbox 1292 2014 1321 2059; x_wconf 77' lang='lat'><strong>15</strong></span> 
     </span>
     <span class='ocr_line' id='line_1_17' title="bbox 219 2098 1271 2178; baseline -0.002 -18"><span class='ocrx_word' id='word_1_138' title='bbox 219 2105 321 2160; x_wconf 90' lang='lat' dir='ltr'><strong>totum</strong></span> <span class='ocrx_word' id='word_1_139' title='bbox 343 2100 478 2178; x_wconf 91' lang='lat' dir='ltr'><strong>denique</strong></span> <span class='ocrx_word' id='word_1_140' title='bbox 492 2099 650 2160; x_wconf 89' lang='lat' dir='ltr'><strong>hominem</strong></span> <span class='ocrx_word' id='word_1_141' title='bbox 672 2101 731 2160; x_wconf 95' lang='lat' dir='ltr'><strong>tibi</strong></span> <span class='ocrx_word' id='word_1_142' title='bbox 753 2100 799 2160; x_wconf 88' lang='lat' dir='ltr'><strong>ita</strong></span> <span class='ocrx_word' id='word_1_143' title='bbox 813 2100 904 2160; x_wconf 89' lang='lat' dir='ltr'><strong>trado</strong></span> <span class='ocrx_word' id='word_1_144' title='bbox 919 2099 975 2160; x_wconf 90' lang='lat' dir='ltr'><strong>‘de</strong></span> <span class='ocrx_word' id='word_1_145' title='bbox 994 2101 1107 2174; x_wconf 87' lang='lat' dir='ltr'><strong>manu,’</strong></span> <span class='ocrx_word' id='word_1_146' title='bbox 1122 2105 1158 2160; x_wconf 92' lang='lat' dir='ltr'><strong>ut</strong></span> <span class='ocrx_word' id='word_1_147' title='bbox 1173 2098 1271 2174; x_wconf 87' lang='lat' dir='ltr'><strong>aiunt,</strong></span> 
     </span>
    </p>

    <p class='ocr_par' dir='ltr' id='par_1_3' title="bbox 220 2204 1272 2492">
     <span class='ocr_line' id='line_1_18' title="bbox 220 2204 1271 2282; baseline 0 -18"><span class='ocrx_word' id='word_1_148' title='bbox 220 2211 228 2241; x_wconf 87' lang='lat'>‘</span> <span class='ocrx_word' id='word_1_149' title='bbox 240 2206 273 2264; x_wconf 90' lang='lat' dir='ltr'><strong>in</strong></span> <span class='ocrx_word' id='word_1_150' title='bbox 301 2205 446 2266; x_wconf 88' lang='lat' dir='ltr'><strong>manum&#39;</strong></span> <span class='ocrx_word' id='word_1_151' title='bbox 474 2211 562 2265; x_wconf 89' lang='lat' dir='ltr'><strong>tuam</strong></span> <span class='ocrx_word' id='word_1_152' title='bbox 583 2205 677 2266; x_wconf 89' lang='lat' dir='ltr'><strong>istam</strong></span> <span class='ocrx_word' id='word_1_153' title='bbox 699 2211 730 2265; x_wconf 88' lang='lat' dir='ltr'><strong>et</strong></span> <span class='ocrx_word' id='word_1_154' title='bbox 759 2205 891 2265; x_wconf 87' lang='lat' dir='ltr'><strong>victoria</strong></span> <span class='ocrx_word' id='word_1_155' title='bbox 911 2210 944 2264; x_wconf 93' lang='lat' dir='ltr'><strong>et</strong></span> <span class='ocrx_word' id='word_1_156' title='bbox 964 2204 1026 2264; x_wconf 89' lang='lat' dir='ltr'><strong>fide</strong></span> <span class='ocrx_word' id='word_1_157' title='bbox 1050 2210 1271 2282; x_wconf 84' lang='lat' dir='ltr'><strong>praestantem.</strong></span> 
     </span>
     <span class='ocr_line' id='line_1_19' title="bbox 221 2309 1272 2388; baseline -0.001 -18"><span class='ocrx_word' id='word_1_158' title='bbox 221 2310 326 2371; x_wconf 86' lang='lat' dir='ltr'><strong>Simus</strong></span> <span class='ocrx_word' id='word_1_159' title='bbox 341 2311 423 2370; x_wconf 89' lang='lat' dir='ltr'><strong>euim</strong></span> <span class='ocrx_word' id='word_1_160' title='bbox 435 2310 653 2388; x_wconf 89' lang='lat' dir='ltr'><strong>putidiusculi,</strong></span> <span class='ocrx_word' id='word_1_161' title='bbox 664 2328 850 2388; x_wconf 84' lang='lat' dir='ltr'><strong>quamquam</strong></span> <span class='ocrx_word' id='word_1_162' title='bbox 863 2329 918 2388; x_wconf 89' lang='lat' dir='ltr'><strong>per</strong></span> <span class='ocrx_word' id='word_1_163' title='bbox 928 2316 960 2369; x_wconf 92' lang='lat' dir='ltr'><strong>te</strong></span> <span class='ocrx_word' id='word_1_164' title='bbox 974 2309 1029 2368; x_wconf 84' lang='lat' dir='ltr'><strong>vix</strong></span> <span class='ocrx_word' id='word_1_165' title='bbox 1040 2309 1132 2386; x_wconf 88' lang='lat' dir='ltr'><strong>licet;</strong></span> <span class='ocrx_word' id='word_1_166' title='bbox 1154 2328 1272 2384; x_wconf 85' lang='lat' dir='ltr'><strong>verum,</strong></span> 
     </span>
     <span class='ocr_line' id='line_1_20' title="bbox 220 2415 1170 2492; baseline -0.001 -17"><span class='ocrx_word' id='word_1_167' title='bbox 220 2422 256 2475; x_wconf 90' lang='lat' dir='ltr'><strong>ut</strong></span> <span class='ocrx_word' id='word_1_168' title='bbox 269 2415 371 2492; x_wconf 88' lang='lat' dir='ltr'><strong>video,</strong></span> <span class='ocrx_word' id='word_1_169' title='bbox 386 2415 502 2476; x_wconf 88' lang='lat' dir='ltr'><strong>licebit.</strong></span> <span class='ocrx_word' id='word_1_170' title='bbox 545 2416 628 2477; x_wconf 84' lang='lat' dir='ltr'><strong>Oura</strong></span> <span class='ocrx_word' id='word_1_171' title='bbox 642 2422 677 2476; x_wconf 94' lang='lat' dir='ltr'><strong>ut</strong></span> <span class='ocrx_word' id='word_1_172' title='bbox 691 2415 797 2476; x_wconf 88' lang='lat' dir='ltr'><strong>valeas</strong></span> <span class='ocrx_word' id='word_1_173' title='bbox 811 2421 843 2475; x_wconf 93' lang='lat' dir='ltr'><strong>et</strong></span> <span class='ocrx_word' id='word_1_174' title='bbox 857 2434 915 2490; x_wconf 91' lang='lat' dir='ltr'><strong>me,</strong></span> <span class='ocrx_word' id='word_1_175' title='bbox 931 2420 967 2474; x_wconf 90' lang='lat' dir='ltr'><strong>ut</strong></span> <span class='ocrx_word' id='word_1_176' title='bbox 981 2433 1078 2490; x_wconf 78' lang='lat' dir='ltr'><strong>arnae,</strong></span> <span class='ocrx_word' id='word_1_177' title='bbox 1092 2433 1170 2475; x_wconf 82' lang='lat' dir='ltr'><strong>ama</strong></span> 
     </span>
    </p>
   </div>
   <div class='ocr_carea' id='block_1_3' title="bbox 727 2710 766 2772">
    <p class='ocr_par' dir='ltr' id='par_1_4' title="bbox 727 2710 766 2772">
     <span class='ocr_line' id='line_1_21' title="bbox 727 2710 766 2772; baseline 0.026 -1"><span class='ocrx_word' id='word_1_178' title='bbox 727 2710 766 2772; x_wconf 80' lang='lat'><strong>13</strong></span> 
     </span>
    </p>
   </div>
   <div class='ocr_carea' id='block_1_4' title="bbox 390 2869 1099 3074">
    <p class='ocr_par' dir='ltr' id='par_1_5' title="bbox 390 2869 1099 3074">
     <span class='ocr_line' id='line_1_22' title="bbox 390 2869 1099 2947; baseline 0 -14"><span class='ocrx_word' id='word_1_179' title='bbox 390 2871 680 2934; x_wconf 64' lang='lat' dir='ltr'><strong>&amp;alteroccae</strong></span> <span class='ocrx_word' id='word_1_180' title='bbox 701 2892 749 2933; x_wconf 82' lang='lat' dir='ltr'><strong>m.</strong></span> <span class='ocrx_word' id='word_1_181' title='bbox 769 2871 844 2934; x_wconf 83' lang='lat' dir='ltr'><strong>Dec.</strong></span> <span class='ocrx_word' id='word_1_182' title='bbox 863 2891 894 2934; x_wconf 86' lang='lat' dir='ltr'><strong>o.</strong></span> <span class='ocrx_word' id='word_1_183' title='bbox 916 2871 991 2938; x_wconf 83' lang='lat'><strong>700</strong></span> <span class='ocrx_word' id='word_1_184' title='bbox 1011 2869 1099 2947; x_wconf 61' lang='lat'>(54).</span> 
     </span>
     <span class='ocr_line' id='line_1_23' title="bbox 537 3016 960 3074; baseline 0 -2"><span class='ocrx_word' id='word_1_185' title='bbox 537 3017 578 3072; x_wconf 78' lang='grc' dir='ltr'><strong>Μ.</strong></span> <span class='ocrx_word' id='word_1_186' title='bbox 598 3016 741 3074; x_wconf 81' lang='lat' dir='ltr'><strong>Ciceros.</strong></span> <span class='ocrx_word' id='word_1_187' title='bbox 761 3017 797 3072; x_wconf 84' lang='lat' dir='ltr'><strong>D.</strong></span> <span class='ocrx_word' id='word_1_188' title='bbox 817 3017 960 3073; x_wconf 64' lang='lat' dir='ltr'><strong>trebatio,</strong></span> 
     </span>
    </p>
   </div>
   <div class='ocr_carea' id='block_1_5' title="bbox 219 3153 1323 3863">
    <p class='ocr_par' dir='ltr' id='par_1_6' title="bbox 219 3153 1323 3863">
     <span class='ocr_line' id='line_1_24' title="bbox 260 3153 1323 3230; baseline -0.003 -16"><span class='ocrx_word' id='word_1_189' title='bbox 260 3155 338 3230; x_wconf 84' lang='lat' dir='ltr'><strong>Legi</strong></span> <span class='ocrx_word' id='word_1_190' title='bbox 359 3160 430 3215; x_wconf 89' lang='lat' dir='ltr'><strong>tuas</strong></span> <span class='ocrx_word' id='word_1_191' title='bbox 458 3153 581 3214; x_wconf 84' lang='lat' dir='ltr'><strong>litteras</strong></span> <span class='ocrx_word' id='word_1_192' title='bbox 603 3154 778 3230; x_wconf 83' lang='lat' dir='ltr'><strong>exquibus</strong></span> <span class='ocrx_word' id='word_1_193' title='bbox 800 3154 943 3214; x_wconf 85' lang='lat' dir='ltr'><strong>intellexi</strong></span> <span class='ocrx_word' id='word_1_194' title='bbox 965 3160 996 3214; x_wconf 89' lang='lat' dir='ltr'><strong>te</strong></span> <span class='ocrx_word' id='word_1_195' title='bbox 1019 3154 1145 3215; x_wconf 89' lang='lat' dir='ltr'><strong>Caesari</strong></span> <span class='ocrx_word' id='word_1_196' title='bbox 1165 3162 1274 3215; x_wconf 88' lang='lat' dir='ltr'><strong>nostro</strong></span> <span class='ocrx_word' id='word_1_197' title='bbox 1294 3166 1323 3211; x_wconf 80' lang='lat' dir='ltr'><strong>ao</strong></span> 
     </span>
     <span class='ocr_line' id='line_1_25' title="bbox 220 3258 1275 3336; baseline 0.002 -19"><span class='ocrx_word' id='word_1_198' title='bbox 220 3259 311 3318; x_wconf 89' lang='lat' dir='ltr'><strong>valde</strong></span> <span class='ocrx_word' id='word_1_199' title='bbox 333 3259 581 3319; x_wconf 90' lang='lat' dir='ltr'><strong>iureconsultum</strong></span> <span class='ocrx_word' id='word_1_200' title='bbox 608 3258 718 3319; x_wconf 85' lang='lat' dir='ltr'><strong>videri.</strong></span> <span class='ocrx_word' id='word_1_201' title='bbox 763 3260 823 3319; x_wconf 86' lang='lat' dir='ltr'><strong>Est</strong></span> <span class='ocrx_word' id='word_1_202' title='bbox 843 3259 926 3336; x_wconf 91' lang='lat' dir='ltr'><strong>quod</strong></span> <span class='ocrx_word' id='word_1_203' title='bbox 947 3259 1084 3335; x_wconf 85' lang='lat' dir='ltr'><strong>gaudeas</strong></span> <span class='ocrx_word' id='word_1_204' title='bbox 1105 3265 1136 3320; x_wconf 93' lang='lat' dir='ltr'><strong>te</strong></span> <span class='ocrx_word' id='word_1_205' title='bbox 1157 3259 1190 3318; x_wconf 91' lang='lat' dir='ltr'><strong>in</strong></span> <span class='ocrx_word' id='word_1_206' title='bbox 1213 3259 1275 3319; x_wconf 87' lang='lat' dir='ltr'><strong>ista</strong></span> 
     </span>
     <span class='ocr_line' id='line_1_26' title="bbox 220 3363 1275 3443; baseline 0.002 -20"><span class='ocrx_word' id='word_1_207' title='bbox 220 3363 291 3424; x_wconf 91' lang='lat' dir='ltr'><strong>loca</strong></span> <span class='ocrx_word' id='word_1_208' title='bbox 304 3364 428 3424; x_wconf 86' lang='lat' dir='ltr'><strong>venisse</strong></span> <span class='ocrx_word' id='word_1_209' title='bbox 444 3364 497 3424; x_wconf 93' lang='lat' dir='ltr'><strong>ubi</strong></span> <span class='ocrx_word' id='word_1_210' title='bbox 511 3363 633 3442; x_wconf 90' lang='lat' dir='ltr'><strong>aliquid</strong></span> <span class='ocrx_word' id='word_1_211' title='bbox 648 3383 756 3443; x_wconf 85' lang='lat' dir='ltr'><strong>sapere</strong></span> <span class='ocrx_word' id='word_1_212' title='bbox 778 3363 928 3425; x_wconf 90' lang='lat' dir='ltr'><strong>viderere.</strong></span> <span class='ocrx_word' id='word_1_213' title='bbox 971 3364 1087 3435; x_wconf 82' lang='lat' dir='ltr'><strong>Quodsi</strong></span> <span class='ocrx_word' id='word_1_214' title='bbox 1103 3365 1136 3424; x_wconf 93' lang='lat' dir='ltr'><strong>in</strong></span> <span class='ocrx_word' id='word_1_215' title='bbox 1152 3364 1275 3425; x_wconf 87' lang='lat' dir='ltr'><strong>Britan-</strong></span> 
     </span>
     <span class='ocr_line' id='line_1_27' title="bbox 220 3468 1275 3547; baseline 0.002 -19"><span class='ocrx_word' id='word_1_216' title='bbox 220 3468 304 3529; x_wconf 91' lang='lat' dir='ltr'><strong>niam</strong></span> <span class='ocrx_word' id='word_1_217' title='bbox 327 3488 450 3547; x_wconf 89' lang='lat' dir='ltr'><strong>quoque</strong></span> <span class='ocrx_word' id='word_1_218' title='bbox 471 3470 632 3547; x_wconf 85' lang='lat' dir='ltr'><strong>profectus</strong></span> <span class='ocrx_word' id='word_1_219' title='bbox 661 3488 754 3544; x_wconf 88' lang='lat' dir='ltr'><strong>esses,</strong></span> <span class='ocrx_word' id='word_1_220' title='bbox 777 3470 918 3547; x_wconf 83' lang='lat' dir='ltr'><strong>profecto</strong></span> <span class='ocrx_word' id='word_1_221' title='bbox 940 3489 1030 3530; x_wconf 89' lang='lat' dir='ltr'><strong>nemo</strong></span> <span class='ocrx_word' id='word_1_222' title='bbox 1053 3470 1085 3529; x_wconf 91' lang='lat' dir='ltr'><strong>in</strong></span> <span class='ocrx_word' id='word_1_223' title='bbox 1108 3470 1164 3530; x_wconf 90' lang='lat' dir='ltr'><strong>illa</strong></span> <span class='ocrx_word' id='word_1_224' title='bbox 1185 3475 1275 3530; x_wconf 89' lang='lat' dir='ltr'><strong>tanta</strong></span> 
     </span>
     <span class='ocr_line' id='line_1_28' title="bbox 219 3573 1273 3654; baseline 0.002 -21"><span class='ocrx_word' id='word_1_225' title='bbox 219 3573 324 3634; x_wconf 89' lang='lat' dir='ltr'><strong>insula</strong></span> <span class='ocrx_word' id='word_1_226' title='bbox 344 3574 475 3653; x_wconf 87' lang='lat' dir='ltr'><strong>peritior</strong></span> <span class='ocrx_word' id='word_1_227' title='bbox 502 3583 534 3634; x_wconf 88' lang='lat' dir='ltr'><strong>te</strong></span> <span class='ocrx_word' id='word_1_228' title='bbox 555 3575 678 3635; x_wconf 87' lang='lat' dir='ltr'><strong>fuisset.</strong></span> <span class='ocrx_word' id='word_1_229' title='bbox 721 3576 837 3636; x_wconf 91' lang='lat' dir='ltr'><strong>Verum</strong></span> <span class='ocrx_word' id='word_1_230' title='bbox 862 3582 967 3635; x_wconf 88' lang='lat' dir='ltr'><strong>tamen</strong></span> <span class='ocrx_word' id='word_1_231' title='bbox 990 3575 1160 3654; x_wconf 85' lang='lat' dir='ltr'><strong>(rideamus</strong></span> <span class='ocrx_word' id='word_1_232' title='bbox 1181 3576 1273 3652; x_wconf 81' lang='lat' dir='ltr'><strong>licet3</strong></span> 
     </span>
     <span class='ocr_line' id='line_1_29' title="bbox 220 3679 1322 3760; baseline -0.001 -21"><span class='ocrx_word' id='word_1_233' title='bbox 220 3698 289 3739; x_wconf 91' lang='lat' dir='ltr'><strong>sum</strong></span> <span class='ocrx_word' id='word_1_234' title='bbox 304 3679 386 3739; x_wconf 91' lang='lat' dir='ltr'><strong>enim</strong></span> <span class='ocrx_word' id='word_1_235' title='bbox 402 3698 421 3739; x_wconf 90' lang='lat' dir='ltr'><strong>a</strong></span> <span class='ocrx_word' id='word_1_236' title='bbox 435 3685 467 3739; x_wconf 88' lang='lat' dir='ltr'><strong>te</strong></span> <span class='ocrx_word' id='word_1_237' title='bbox 482 3679 649 3760; x_wconf 87' lang='lat' dir='ltr'><strong>invitatus)</strong></span> <span class='ocrx_word' id='word_1_238' title='bbox 665 3679 851 3740; x_wconf 89' lang='lat' dir='ltr'><strong>subinvideo</strong></span> <span class='ocrx_word' id='word_1_239' title='bbox 868 3680 927 3740; x_wconf 89' lang='lat' dir='ltr'><strong>tibi</strong></span> <span class='ocrx_word' id='word_1_240' title='bbox 943 3680 1026 3740; x_wconf 91' lang='lat' dir='ltr'><strong>ultro</strong></span> <span class='ocrx_word' id='word_1_241' title='bbox 1040 3681 1134 3740; x_wconf 88' lang='lat' dir='ltr'><strong>etiam</strong></span> <span class='ocrx_word' id='word_1_242' title='bbox 1150 3680 1276 3741; x_wconf 89' lang='lat' dir='ltr'><strong>accersi·</strong></span> <span class='ocrx_word' id='word_1_243' title='bbox 1294 3694 1322 3738; x_wconf 78' lang='lat' dir='ltr'><strong>aa</strong></span> 
     </span>
     <span class='ocr_line' id='line_1_30' title="bbox 219 3784 1274 3863; baseline 0.001 -20"><span class='ocrx_word' id='word_1_244' title='bbox 219 3789 287 3843; x_wconf 90' lang='lat' dir='ltr'><strong>tum</strong></span> <span class='ocrx_word' id='word_1_245' title='bbox 309 3784 348 3844; x_wconf 89' lang='lat' dir='ltr'><strong>ab</strong></span> <span class='ocrx_word' id='word_1_246' title='bbox 362 3803 398 3844; x_wconf 91' lang='lat' dir='ltr'><strong>eo</strong></span> <span class='ocrx_word' id='word_1_247' title='bbox 412 3784 454 3844; x_wconf 90' lang='lat' dir='ltr'><strong>ad</strong></span> <span class='ocrx_word' id='word_1_248' title='bbox 467 3803 560 3862; x_wconf 88' lang='lat' dir='ltr'><strong>quem</strong></span> <span class='ocrx_word' id='word_1_249' title='bbox 582 3785 678 3844; x_wconf 87' lang='lat' dir='ltr'><strong>ceteri</strong></span> <span class='ocrx_word' id='word_1_250' title='bbox 699 3804 761 3844; x_wconf 91' lang='lat' dir='ltr'><strong>non</strong></span> <span class='ocrx_word' id='word_1_251' title='bbox 783 3792 910 3863; x_wconf 90' lang='lat' dir='ltr'><strong>propter</strong></span> <span class='ocrx_word' id='word_1_252' title='bbox 932 3784 1110 3862; x_wconf 89' lang='lat' dir='ltr'><strong>superbiam</strong></span> <span class='ocrx_word' id='word_1_253' title='bbox 1131 3785 1198 3844; x_wconf 87' lang='lat' dir='ltr'><strong>eius</strong></span> <span class='ocrx_word' id='word_1_254' title='bbox 1220 3784 1274 3844; x_wconf 91' lang='lat' dir='ltr'><strong>sed</strong></span> 
     </span>
    </p>
   </div>
   <div class='ocr_carea' id='block_1_6' title="bbox 0 0 1541 4284">
    <p class='ocr_par' dir='ltr' id='par_1_7' title="bbox 0 0 1541 4284">
     <span class='ocr_line' id='line_1_31' title="bbox 0 0 1541 4284; baseline 0 0"><span class='ocrx_word' id='word_1_255' title='bbox 0 0 1541 4284; x_wconf 95' lang='lat' dir='ltr'><strong> </strong></span> 
     </span>
    </p>
   </div>
  </div>
 </body>
</html>
