3058 4284
505 312 712 367 sununsr’s
738 313 934 370 certunm
1183 301 1249 370 103

187 484 284 544 refert
313 502 362 543 me
393 483 471 542 mihi
499 489 593 560 atque
622 484 712 544 vobis
746 484 866 545 timere.
908 485 1009 556 Quare
1044 504 1113 545 cnm
1144 487 1182 546 de
1211 487 1246 544 P.

187 587 323 648 Lentulo
337 587 511 666 ceterisque
527 588 683 664 statuetis,
695 608 752 667 pro
767 595 851 650 certo
866 591 1011 650 habetote
1027 610 1082 651 vos
1098 591 1191 651 simrd
1208 592 1247 650 de

187 693 327 754 exercitu
362 693 518 754 Catilinae
553 705 584 752 et
619 695 658 754 de
693 694 838 754 omnibus
866 695 1037 756 coniuratis
1070 696 1244 757 decernere.

187 799 311 869 Quanto
326 817 380 858 vos
402 798 556 858 attentius
572 817 608 858 ea
622 799 733 875 agetis,
748 806 836 859 tanto
858 800 923 860 illis
945 800 1069 860 animus
1091 800 1246 861 infirmior

187 902 266 978 erit;
290 902 318 962 si
339 903 502 981 paululum
524 904 617 963 modo
638 923 694 964 vos
715 903 863 980 languere
884 905 1031 980 viderint,
1053 905 1115 966 iam
1137 925 1245 966 omnes
1263 923 1278 966 5

187 1009 308 1069 feroces
323 1009 463 1068 aderunt

230 1114 366 1174 “Nolite
382 1114 573 1174 existumare
595 1116 728 1176 maiores
749 1121 874 1176 nostros
896 1115 992 1177 armis
1007 1118 1245 1196 rempublicam

188 1239 227 1280 ex
241 1238 339 1298 parva
359 1238 505 1296 magnam
528 1220 650 1280 fecisse.
694 1221 729 1280 Si
743 1220 789 1280 ita
803 1239 853 1280 res
875 1227 967 1296 esset,
983 1221 1084 1282 multo
1105 1223 1246 1301 pulcher-

188 1343 308 1385 rumam
324 1343 392 1384 earn
407 1344 464 1384 nos
479 1325 682 1402 haberemus3
706 1325 823 1404 quippe
838 1325 991 1386 sociorum
1008 1333 1104 1404 atque
1118 1328 1245 1402 civium,

188 1435 350 1508 praeterea
363 1448 518 1489 armorum
534 1436 628 1508 atque
643 1449 793 1508 equorum
815 1431 917 1490 maior
935 1431 1026 1509 eopia
1046 1432 1136 1493 nobis
1151 1451 1243 1511 quarn
1266 1443 1294 1489 ιο

187 1535 255 1595 illis
279 1541 336 1595 est.
380 1534 442 1594 Sed
469 1535 532 1596 alia
557 1535 645 1594 fuere
670 1555 749 1613 qnae
774 1535 846 1595 illos
872 1555 999 1613 magnos
1025 1537 1137 1612 fecere,
1166 1556 1245 1615 quae

188 1639 280 1700 nobis
302 1639 391 1700 nulla
412 1645 502 1716 sunt;
525 1640 609 1699 domi
630 1639 796 1716 industria,
822 1640 902 1701 foris
927 1641 1045 1701 iustum
1067 1642 1244 1720 imperium,

154 1764 162 1778 ·
189 1745 313 1806 animus
337 1745 370 1804 in
394 1745 588 1805 consulundo
612 1745 701 1821 liber,
725 1764 827 1823 neque
851 1745 967 1806 delicto
986 1765 1089 1825 neque
1109 1746 1247 1807 lubidini

189 1850 351 1912 obnoxius.
392 1851 455 1909 Pro
470 1849 520 1910 bis
535 1869 592 1910 nos
610 1850 761 1911 habemus
783 1851 940 1911 luxuriam
961 1857 1057 1930 atque
1071 1851 1245 1927 avaritiam,

190 1955 314 2033 publice
336 1960 516 2031 egestatem,
538 1955 688 2033 privatim
712 1955 916 2033 opulentiam.
962 1956 1141 2017 Laudamus
1169 1956 1247 2016 divi·
1266 1974 1294 2019 lc

190 2061 261 2135 tias,
286 2060 445 2137 sequimur
468 2059 623 2120 inertiam.
665 2061 755 2120 Inter
779 2061 875 2121 bonos
900 2067 932 2121 et
956 2062 1056 2121 malos
1077 2061 1245 2122 discrimen

190 2165 323 2240 nullum,
349 2164 454 2224 omnia
477 2165 607 2225 virtutis
628 2165 769 2242 praemia
790 2165 920 2226 ambitio
941 2166 1092 2243 possidet.
1134 2166 1248 2244 Neque

191 2269 324 2345 mirum;
350 2269 404 2329 ubi
426 2289 481 2330 vos
503 2269 672 2346 separatim
695 2270 757 2330 sibi
778 2270 911 2347 quisque
933 2271 1100 2331 consilium
1123 2271 1245 2350 capitis,

190 2375 245 2436 ubi
259 2374 345 2434 domi
357 2374 583 2451 voluptatibus,
598 2374 651 2434 hic
670 2376 819 2452 pecuniae
841 2381 895 2434 aut
917 2375 1037 2451 gratiae
1059 2375 1195 2452 servitis,
1211 2394 1247 2436 eo

190 2479 237 2554 fic,
252 2485 289 2539 ut
303 2478 441 2556 impetus
455 2478 512 2538 fiat
525 2479 559 2538 in
574 2497 703 2539 vacuam
718 2498 784 2538 rem
799 2480 964 2558 publicam.
1267 2497 1297 2543 ao

233 2584 322 2644 “Sed
346 2603 404 2660 ego
430 2584 507 2644 haec
533 2584 654 2644 omitto.
698 2584 907 2644 Coniuravere
935 2585 1135 2646 nobilissumi
1164 2586 1247 2646 cives

191 2688 327 2768 patriam
339 2687 522 2764 incendere3
545 2689 707 2749 Gallorum
720 2695 845 2765 gentem
860 2689 1110 2751 infestissumam
1125 2689 1248 2751 nomini

192 2795 335 2854 Romano
357 2794 398 2854 ad
421 2794 537 2854 bellum
561 2801 739 2870 arcessunt3
762 2795 827 2854 dux
851 2794 990 2854 hostium
1013 2814 1085 2854 cum
1109 2797 1248 2856 exercitu

192 2919 289 2978 supra
309 2907 403 2978 caput
427 2904 492 2959 est:
514 2919 571 2960 vos
595 2899 788 2960 cunctamini
812 2900 907 2960 etiam
932 2905 1070 2960 nuncet
1095 2901 1248 2961 dubitatis

192 3004 269 3083 quid
279 3004 365 3064 intra
374 3004 498 3065 moenia
508 3003 670 3082 deprensis
681 3004 826 3064 hostibus
837 3005 991 3066 faciatis?
1034 3005 1249 3066 Misereamini
1268 3020 1297 3064 25

192 3109 519 3187 censeo-deliquere
530 3109 673 3170 homines
684 3110 914 3170 adulescentuli
929 3129 985 3188 per
999 3110 1250 3171 ambitionem-

193 3222 288 3294 atque
300 3215 394 3275 etiam
406 3221 542 3276 armatos
554 3215 740 3292 dimittatis;
762 3235 802 3276 ne
816 3216 879 3277 ista
893 3215 981 3277 vobis
997 3217 1204 3276 mansuetudo
1219 3221 1250 3276 et

162 3359 164 3364 ·
193 3320 418 3396 misericordia,
439 3320 466 3381 si
486 3321 534 3380 illi
557 3340 644 3381 arma
665 3321 815 3398 ceperint,
839 3322 872 3381 in
897 3322 1054 3382 miseriam
1079 3327 1250 3381 convortat.

195 3427 323 3488 Scilicet
334 3445 383 3487 res
395 3425 464 3504 ipsa
478 3446 588 3504 aspera
603 3433 660 3502 est,
677 3429 732 3487 sed
747 3446 801 3487 vos
816 3446 878 3486 non
893 3427 1013 3487 timetis
1028 3445 1105 3486 eam.
1150 3427 1252 3486 Immo

194 3551 269 3592 vero
294 3551 456 3607 maxume3
489 3533 544 3592 sed
558 3531 674 3593 inertia
697 3538 729 3592 et
754 3532 889 3592 mollitia
917 3531 1015 3592 animi
1044 3531 1126 3592 alius
1155 3531 1251 3592 aliurn
1272 3541 1301 3586 30

194 3625 415 3714 exspectantes
436 3636 636 3712 cunctamini,
652 3636 801 3697 videlicet
816 3637 864 3696 dis
880 3636 1111 3697 immortalibus
1132 3636 1252 3712 confisi,

194 3741 251 3821 qui
262 3742 343 3802 hano
355 3760 419 3801 rem
431 3741 587 3821 publicam
601 3761 692 3820 saepe
704 3742 740 3801 in¹
749 3741 905 3802 maxumis
916 3741 1065 3819 periculis
1080 3761 1251 3802 servavere.
