3038 4278
369 307 371 311 ’
473 302 602 358 mvr’s
626 302 776 358 aeman
801 302 981 358 flrsrour
1210 287 1255 357 27

234 473 353 534 Eodem
374 472 480 551 Appio
500 480 625 534 auctore
644 473 767 548 Potitii,
788 492 863 550 gens
885 474 975 534 cuius
995 472 1036 533 ad
1053 492 1138 534 aram
1158 473 1255 533 maxi-

194 596 277 637 mam
293 577 442 638 Herculis
457 578 615 638 familiare
635 578 844 639 sacerdotium
860 578 974 653 fuerat,
990 598 1095 639 servos
1111 577 1253 656 publicos

194 669 365 742 ministerii
386 683 553 760 delegandi
574 702 669 744 causa
690 683 856 744 sollemnia
877 684 945 744 eius
971 684 1052 744 sacri
1073 684 1251 744 docuerant.

195 788 345 848 Traditur
362 787 445 863 inde,
461 788 549 848 dictu
565 788 709 848 mirabile
727 795 759 849 et
773 789 857 866 quod
870 788 1075 849 demovendis
1094 795 1179 848 statu
1196 807 1253 848 suo

194 893 292 954 sacris
314 892 497 968 religionem
518 893 622 952 facere
645 893 755 971 possit,
777 911 848 953 oum
870 893 1034 953 duodecim
1053 892 1196 954 familiae
1216 911 1253 954 ea
1277 911 1292 956 o

193 1003 382 1075 tempestate
406 997 596 1057 Potitiorum
621 1004 736 1071 essent,
762 999 895 1076 puberes
918 999 959 1058 ad
983 999 1125 1074 triginta,
1151 997 1252 1058 omnis

193 1101 279 1162 intra
305 1121 423 1162 annum
451 1121 521 1163 cum
551 1103 649 1181 stirpe
676 1103 867 1179 exstinctos3
896 1122 953 1164 neo
983 1121 1097 1162 nomen
1127 1109 1251 1162 tantum

193 1207 385 1267 Potitiorum
407 1207 554 1268 interisse
577 1208 632 1297 sed
654 1227 811 1269 censorem
837 1208 932 1268 etiam
955 1208 1098 1286 Appium
1122 1207 1253 1268 memori

193 1313 287 1373 deum
302 1313 349 1372 ira
363 1318 436 1390 post
449 1313 572 1390 aliquot
586 1332 685 1374 annos
701 1312 874 1373 luminibus
890 1319 1025 1390 captum.

235 1418 391 1477 Permulti
410 1417 486 1477 anni
504 1417 567 1478 iam
585 1425 674 1478 erant
691 1437 761 1477 cum
780 1417 862 1477 inter
880 1417 1030 1495 patricios
1047 1417 1252 1493 magistratus
1272 1430 1301 1476 10

193 1522 401 1600 tribunosque
425 1522 514 1582 nulla
542 1523 715 1583 certamina
739 1523 874 1597 fuerant,
900 1542 971 1582 oum
1000 1541 1039 1582 ex
1068 1541 1105 1582 ea
1129 1521 1254 1582 familia

194 1645 274 1705 quae
290 1627 377 1687 velut
388 1626 502 1688 fatales
518 1647 587 1688 curn
602 1628 739 1688 tribunis
753 1647 789 1688 ac
800 1627 891 1706 plebe
905 1631 1072 1688 simultates
1086 1627 1252 1703 marcebat,

193 1738 352 1792 certamen
366 1732 474 1792 oritur.
517 1732 578 1811 Ap.
595 1733 747 1795 Claudius
761 1751 871 1793 censor
886 1733 1084 1794 circumactis
1099 1733 1206 1792 decem
1220 1739 1253 1792 et

194 1843 266 1897 octo
281 1837 452 1913 mensibus,
467 1838 551 1915 quod
568 1838 707 1898 Aemilia
720 1837 790 1914 lege
804 1837 930 1898 finitum
946 1824 1095 1898 censurae
1114 1837 1253 1916 spatium

193 1943 345 2020 temporis
363 1948 440 2018 erat,
460 1961 532 2002 cum
551 1943 583 2004 C.
603 1942 759 2018 Plautius,
779 1943 900 2020 collega
918 1944 996 2018 eius,
1013 1943 1199 2018 magistratu
1219 1962 1252 2002 se
1273 1922 1320 2011 ιιι,

195 2047 380 2122 abdicasset,
400 2046 490 2107 nulla
508 2047 542 2106 vi
561 2047 696 2125 conpelli
717 2053 754 2107 ut
773 2048 933 2108 abdicaret
952 2048 1064 2126 potuit.
1107 2048 1149 2108 P..
1168 2047 1251 2108 Sem·

195 2152 325 2230 pronius
346 2159 415 2212 erat
435 2152 582 2212 tribunus
605 2151 715 2230 plebis,
737 2153 793 2230 qui
814 2151 970 2214 finiendae
995 2137 1157 2214 censurae
1169 2152 1253 2214 intra

195 2256 372 2332 legitimum
405 2264 530 2334 tempus
563 2257 716 2324 actionem
752 2264 942 2335 susceperat,
975 2276 1039 2317 non
1069 2257 1253 2335 popularem

196 2363 296 2438 magis
322 2381 416 2440 quam
443 2362 560 2423 iustam
588 2381 644 2422 nec
673 2362 707 2421 in
734 2363 849 2438 vulgus
873 2382 968 2440 quam
996 2363 1116 2439 optimo
1139 2363 1252 2440 cuique

197 2467 373 2543 gratiorem.
414 2467 450 2528 Is
477 2486 549 2527 oum
576 2467 749 2528 identidem
777 2467 878 2543 legem
906 2468 1077 2528 Aemiliam
1105 2468 1252 2530 recitaret
1271 2479 1302 2524 nc

197 2578 417 2650 auctoremque
452 2572 520 2632 eius
555 2574 652 2632 Mam.
685 2572 855 2631 Aemilium
889 2573 1074 2633 dictatorcm
1107 2571 1252 2634 laudibus

197 2677 303 2752 ferret,
325 2677 381 2755 qui
402 2677 667 2755 quinquennalem
689 2683 762 2736 ante
784 2696 945 2738 censuram
968 2684 1000 2738 et
1021 2677 1253 2754 longinquitate

197 2783 363 2859 potestatis
380 2782 594 2844 dominantem
615 2782 700 2842 intra
719 2801 775 2842 sex
794 2801 936 2842 mensum
957 2788 989 2843 et
1006 2782 1082 2843 anni
1098 2783 1253 2859 coegisset

134 2895 136 2897 ’
198 2887 344 2964 spatium,
365 2892 383 2923 ‘⁴
390 2887 451 2948 Dic
468 2888 602 2962 agedum
611 2887 629 2918 ''
647 2887 761 2965 inquit,
781 2893 799 2923 “
808 2888 868 2965 Ap.
888 2887 1008 2962 Claudi,
1025 2887 1177 2965 quidnam
1191 2888 1253 2950 fao-

197 2998 287 3053 turus
306 2992 415 3068 fueris,
435 2993 463 3052 si
482 3011 519 3052 eo
538 2998 680 3070 tempore
699 3012 762 3070 quo
781 2993 813 3053 Ο.
837 2992 952 3053 Furius
973 2999 1005 3052 et
1026 2994 1070 3053 M.
1093 2993 1253 3070 Geganius
1272 3005 1301 3050 ao

196 3115 341 3158 censores
355 3097 494 3172 fuerunt,
507 3097 772 3158 censorfuisses.’'
814 3098 938 3173 Negare
951 3097 1075 3176 Appius
1085 3097 1254 3176 interroga

196 3202 314 3262 tionem
330 3181 449 3262 tribuni
465 3221 577 3278 magno
588 3221 680 3280 opere
694 3203 735 3263 ad
745 3221 871 3264 oausam
882 3203 1039 3280 pertinere
1051 3222 1157 3279 suam3
1179 3223 1251 3265 nam

197 3307 259 3368 etsi
274 3307 411 3368 tenuerit
424 3307 478 3367 lex
493 3307 631 3368 Aemilia
645 3325 697 3368 eos
711 3326 855 3369 censores
869 3315 1002 3384 quorum
1017 3308 1051 3368 in
1066 3308 1253 3384 magistratu

196 3412 264 3472 lata
274 3417 366 3488 essct,
382 3413 458 3491 quia
470 3419 543 3490 post
556 3412 629 3474 illos
640 3431 783 3474 censores
794 3417 913 3474 creatos
925 3431 993 3472 earn
1005 3412 1105 3489 legem
1118 3413 1252 3492 populus

196 3516 343 3578 iussisset
370 3519 516 3596 quodque
543 3523 734 3597 postremum
764 3517 918 3593 iussisset,
947 3516 981 3577 id
1009 3517 1058 3580 ius
1086 3526 1252 3596 ratumque
1272 3537 1301 3583 ³0

196 3628 290 3700 esset,
306 3642 367 3682 non
384 3630 489 3684 tamen
509 3629 564 3684 aut
581 3642 614 3684 se
629 3628 684 3684 aut
702 3641 808 3683 eorum
823 3641 1012 3701 quemquam
1027 3623 1082 3700 qui
1096 3630 1168 3701 post
1184 3633 1252 3686 cam

196 3727 298 3805 legem
314 3728 411 3790 latam
426 3728 524 3790 creati
538 3747 681 3790 censores
695 3734 809 3801 essent,
825 3727 926 3787 teneri
940 3746 978 3792 ea
991 3727 1059 3803 lege
1074 3729 1224 3806 potuisse.
