<?xml version="1.0" encoding="UTF-8"?>
<!DOCTYPE html PUBLIC "-//W3C//DTD XHTML 1.0 Transitional//EN"
    "http://www.w3.org/TR/xhtml1/DTD/xhtml1-transitional.dtd">
<html xmlns="http://www.w3.org/1999/xhtml" xml:lang="en" lang="en">
 <head>
  <title>
</title>
<meta http-equiv="Content-Type" content="text/html;charset=utf-8" />
  <meta name='ocr-system' content='tesseract 3.04.00' />
  <meta name='ocr-capabilities' content='ocr_page ocr_carea ocr_par ocr_line ocrx_word'/>
</head>
<body>
  <div class='ocr_page' id='page_1' title='image "./selectionsfromr00miergoog_0148.png"; bbox 0 0 3058 4284; ppageno 0'>
   <div class='ocr_carea' id='block_1_1' title="bbox 478 292 1356 397">
    <p class='ocr_par' dir='ltr' id='par_1_1' title="bbox 478 292 1356 397">
     <span class='ocr_line' id='line_1_1' title="bbox 478 292 1356 397; baseline -0.001 0"><span class='ocrx_word' id='word_1_1' title='bbox 478 292 481 297; x_wconf 27' lang='lat'>¹</span> <span class='ocrx_word' id='word_1_2' title='bbox 548 340 732 397; x_wconf 75' lang='lat' dir='ltr'>oronao’s</span> <span class='ocrx_word' id='word_1_3' title='bbox 756 339 939 396; x_wconf 79' lang='lat' dir='ltr'>narrans</span> <span class='ocrx_word' id='word_1_4' title='bbox 1161 382 1164 388; x_wconf 96' lang='lat'>.</span> <span class='ocrx_word' id='word_1_5' title='bbox 1201 327 1266 396; x_wconf 84' lang='lat'>133</span> <span class='ocrx_word' id='word_1_6' title='bbox 1353 362 1356 368; x_wconf 89' lang='lat'>·</span> 
     </span>
    </p>
   </div>
   <div class='ocr_carea' id='block_1_2' title="bbox 216 509 1318 2058">
    <p class='ocr_par' dir='ltr' id='par_1_2' title="bbox 216 509 1302 1218">
     <span class='ocr_line' id='line_1_2' title="bbox 216 509 1268 589; baseline -0.001 -18"><span class='ocrx_word' id='word_1_7' title='bbox 216 509 460 588; x_wconf 86' lang='lat' dir='ltr'>diligentissime</span> <span class='ocrx_word' id='word_1_8' title='bbox 474 509 672 586; x_wconf 87' lang='lat' dir='ltr'>Philogenes,</span> <span class='ocrx_word' id='word_1_9' title='bbox 688 510 820 570; x_wconf 86' lang='lat' dir='ltr'>libertus</span> <span class='ocrx_word' id='word_1_10' title='bbox 834 515 917 586; x_wconf 85' lang='lat' dir='ltr'>tuus,</span> <span class='ocrx_word' id='word_1_11' title='bbox 932 509 1055 570; x_wconf 88' lang='lat' dir='ltr'>curavit</span> <span class='ocrx_word' id='word_1_12' title='bbox 1068 509 1219 589; x_wconf 87' lang='lat' dir='ltr'>perlonga</span> <span class='ocrx_word' id='word_1_13' title='bbox 1235 516 1268 570; x_wconf 86' lang='lat' dir='ltr'>ct</span> 
     </span>
     <span class='ocr_line' id='line_1_3' title="bbox 216 615 1267 694; baseline -0.002 -17"><span class='ocrx_word' id='word_1_14' title='bbox 216 636 278 677; x_wconf 91' lang='lat' dir='ltr'>non</span> <span class='ocrx_word' id='word_1_15' title='bbox 300 616 378 676; x_wconf 92' lang='lat' dir='ltr'>satis</span> <span class='ocrx_word' id='word_1_16' title='bbox 399 621 470 676; x_wconf 92' lang='lat' dir='ltr'>tuta</span> <span class='ocrx_word' id='word_1_17' title='bbox 490 616 543 675; x_wconf 91' lang='lat' dir='ltr'>via</span> <span class='ocrx_word' id='word_1_18' title='bbox 562 615 774 694; x_wconf 85' lang='lat' dir='ltr'>perferendas.</span> <span class='ocrx_word' id='word_1_19' title='bbox 817 617 900 675; x_wconf 87' lang='lat' dir='ltr'>Nam</span> <span class='ocrx_word' id='word_1_20' title='bbox 928 633 1007 693; x_wconf 85' lang='lat' dir='ltr'>quae</span> <span class='ocrx_word' id='word_1_21' title='bbox 1034 615 1134 675; x_wconf 86' lang='lat' dir='ltr'>Laeni</span> <span class='ocrx_word' id='word_1_22' title='bbox 1161 616 1267 694; x_wconf 90' lang='lat' dir='ltr'>pueris</span> 
     </span>
     <span class='ocr_line' id='line_1_4' title="bbox 217 720 1267 799; baseline -0.001 -17"><span class='ocrx_word' id='word_1_23' title='bbox 217 722 327 782; x_wconf 88' lang='lat' dir='ltr'>scribis</span> <span class='ocrx_word' id='word_1_24' title='bbox 342 721 432 781; x_wconf 88' lang='lat' dir='ltr'>datas</span> <span class='ocrx_word' id='word_1_25' title='bbox 447 740 509 780; x_wconf 91' lang='lat' dir='ltr'>non</span> <span class='ocrx_word' id='word_1_26' title='bbox 528 739 716 798; x_wconf 78' lang='lat' dir='ltr'>acceperam.</span> <span class='ocrx_word' id='word_1_27' title='bbox 758 720 902 780; x_wconf 81' lang='lat' dir='ltr'>Iucunda</span> <span class='ocrx_word' id='word_1_28' title='bbox 922 720 961 780; x_wconf 98' lang='grc'><strong>(16</strong></span> <span class='ocrx_word' id='word_1_29' title='bbox 982 721 1113 782; x_wconf 80' lang='lat' dir='ltr'>Caesare</span> <span class='ocrx_word' id='word_1_30' title='bbox 1135 726 1167 780; x_wconf 90' lang='lat' dir='ltr'>et</span> <span class='ocrx_word' id='word_1_31' title='bbox 1187 739 1267 799; x_wconf 88' lang='lat' dir='ltr'>quae</span> 
     </span>
     <span class='ocr_line' id='line_1_5' title="bbox 217 825 1267 903; baseline 0 -17"><span class='ocrx_word' id='word_1_32' title='bbox 217 832 344 887; x_wconf 88' lang='lat' dir='ltr'>senatus</span> <span class='ocrx_word' id='word_1_33' title='bbox 367 826 506 885; x_wconf 86' lang='lat' dir='ltr'>decrevit</span> <span class='ocrx_word' id='word_1_34' title='bbox 526 832 558 885; x_wconf 89' lang='lat' dir='ltr'>et</span> <span class='ocrx_word' id='word_1_35' title='bbox 580 844 660 903; x_wconf 89' lang='lat' dir='ltr'>quae</span> <span class='ocrx_word' id='word_1_36' title='bbox 681 830 717 885; x_wconf 91' lang='lat' dir='ltr'>tu</span> <span class='ocrx_word' id='word_1_37' title='bbox 739 844 854 903; x_wconf 82' lang='lat' dir='ltr'>speras.</span> <span class='ocrx_word' id='word_1_38' title='bbox 897 825 1016 896; x_wconf 82' lang='lat' dir='ltr'>Quibus</span> <span class='ocrx_word' id='word_1_39' title='bbox 1042 826 1097 885; x_wconf 87' lang='lat' dir='ltr'>ille</span> <span class='ocrx_word' id='word_1_40' title='bbox 1122 826 1149 886; x_wconf 91' lang='lat' dir='ltr'>si</span> <span class='ocrx_word' id='word_1_41' title='bbox 1174 826 1267 902; x_wconf 87' lang='lat' dir='ltr'>cedit,</span> 
     </span>
     <span class='ocr_line' id='line_1_6' title="bbox 216 929 1302 1008; baseline 0.004 -16"><span class='ocrx_word' id='word_1_42' title='bbox 216 932 296 992; x_wconf 86' lang='lat' dir='ltr'>salvi</span> <span class='ocrx_word' id='word_1_43' title='bbox 309 951 425 992; x_wconf 89' lang='lat' dir='ltr'>sumus.</span> <span class='ocrx_word' id='word_1_44' title='bbox 468 929 620 990; x_wconf 87' lang='lat' dir='ltr'>Incendio</span> <span class='ocrx_word' id='word_1_45' title='bbox 633 929 833 991; x_wconf 83' lang='lat' dir='ltr'>Plaetoriano</span> <span class='ocrx_word' id='word_1_46' title='bbox 848 931 931 1008; x_wconf 91' lang='lat' dir='ltr'>qnod</span> <span class='ocrx_word' id='word_1_47' title='bbox 947 930 1037 992; x_wconf 82' lang='lat' dir='ltr'>Seius</span> <span class='ocrx_word' id='word_1_48' title='bbox 1052 931 1215 992; x_wconf 89' lang='lat' dir='ltr'>ambustus</span> <span class='ocrx_word' id='word_1_49' title='bbox 1234 950 1266 992; x_wconf 86' lang='lat' dir='ltr'>es</span> <span class='ocrx_word' id='word_1_50' title='bbox 1286 950 1302 996; x_wconf 78' lang='lat' dir='ltr'>t</span> 
     </span>
     <span class='ocr_line' id='line_1_7' title="bbox 216 1035 1269 1106; baseline 0 -10"><span class='ocrx_word' id='word_1_51' title='bbox 216 1037 320 1096; x_wconf 90' lang='lat' dir='ltr'>minus</span> <span class='ocrx_word' id='word_1_52' title='bbox 338 1036 473 1096; x_wconf 81' lang='lat' dir='ltr'>moleste</span> <span class='ocrx_word' id='word_1_53' title='bbox 499 1035 575 1094; x_wconf 85' lang='lat' dir='ltr'>fero.</span> <span class='ocrx_word' id='word_1_54' title='bbox 618 1035 769 1096; x_wconf 87' lang='lat' dir='ltr'>Lucceius</span> <span class='ocrx_word' id='word_1_55' title='bbox 794 1035 833 1095; x_wconf 91' lang='lat' dir='ltr'>de</span> <span class='ocrx_word' id='word_1_56' title='bbox 858 1036 892 1106; x_wconf 80' lang='lat' dir='ltr'>Q.</span> <span class='ocrx_word' id='word_1_57' title='bbox 919 1035 1028 1096; x_wconf 82' lang='lat' dir='ltr'>Cassio</span> <span class='ocrx_word' id='word_1_58' title='bbox 1052 1041 1194 1096; x_wconf 90' lang='lat' dir='ltr'>curtam</span> <span class='ocrx_word' id='word_1_59' title='bbox 1218 1055 1269 1096; x_wconf 76' lang='lat' dir='ltr'>re-</span> 
     </span>
     <span class='ocr_line' id='line_1_8' title="bbox 216 1140 966 1218; baseline 0 -18"><span class='ocrx_word' id='word_1_60' title='bbox 216 1141 345 1202; x_wconf 90' lang='lat' dir='ltr'>hemens</span> <span class='ocrx_word' id='word_1_61' title='bbox 360 1141 460 1200; x_wconf 77' lang='lat' dir='ltr'>fuerit</span> <span class='ocrx_word' id='word_1_62' title='bbox 474 1147 505 1200; x_wconf 92' lang='lat' dir='ltr'>et</span> <span class='ocrx_word' id='word_1_63' title='bbox 520 1140 597 1218; x_wconf 92' lang='lat' dir='ltr'>quid</span> <span class='ocrx_word' id='word_1_64' title='bbox 612 1146 714 1200; x_wconf 91' lang='lat' dir='ltr'>actum</span> <span class='ocrx_word' id='word_1_65' title='bbox 731 1140 773 1200; x_wconf 90' lang='lat' dir='ltr'>sit</span> <span class='ocrx_word' id='word_1_66' title='bbox 788 1159 865 1200; x_wconf 91' lang='lat' dir='ltr'>aveo</span> <span class='ocrx_word' id='word_1_67' title='bbox 880 1141 966 1200; x_wconf 86' lang='lat' dir='ltr'>scire.</span> 
     </span>
    </p>

    <p class='ocr_par' dir='ltr' id='par_1_3' title="bbox 216 1244 1318 2058">
     <span class='ocr_line' id='line_1_9' title="bbox 256 1244 1268 1323; baseline -0.001 -18"><span class='ocrx_word' id='word_1_68' title='bbox 256 1247 323 1323; x_wconf 80' lang='lat' dir='ltr'>Ego</span> <span class='ocrx_word' id='word_1_69' title='bbox 351 1265 420 1306; x_wconf 91' lang='lat' dir='ltr'>cum</span> <span class='ocrx_word' id='word_1_70' title='bbox 447 1245 632 1306; x_wconf 80' lang='lat' dir='ltr'>Laodiceam</span> <span class='ocrx_word' id='word_1_71' title='bbox 658 1263 780 1319; x_wconf 87' lang='lat' dir='ltr'>venero,</span> <span class='ocrx_word' id='word_1_72' title='bbox 806 1244 933 1320; x_wconf 80' lang='lat' dir='ltr'>Quinto,</span> <span class='ocrx_word' id='word_1_73' title='bbox 957 1245 1072 1306; x_wconf 87' lang='lat' dir='ltr'>sororis</span> <span class='ocrx_word' id='word_1_74' title='bbox 1097 1251 1170 1305; x_wconf 87' lang='lat' dir='ltr'>tuac</span> <span class='ocrx_word' id='word_1_75' title='bbox 1190 1245 1268 1321; x_wconf 91' lang='lat' dir='ltr'>filio,</span> 
     </span>
     <span class='ocr_line' id='line_1_10' title="bbox 216 1349 1267 1428; baseline 0 -18"><span class='ocrx_word' id='word_1_76' title='bbox 216 1355 321 1426; x_wconf 87' lang='lat' dir='ltr'>togam</span> <span class='ocrx_word' id='word_1_77' title='bbox 349 1369 460 1428; x_wconf 90' lang='lat' dir='ltr'>puram</span> <span class='ocrx_word' id='word_1_78' title='bbox 487 1349 595 1409; x_wconf 86' lang='lat' dir='ltr'>iubeor</span> <span class='ocrx_word' id='word_1_79' title='bbox 623 1350 706 1410; x_wconf 86' lang='lat' dir='ltr'>dare.</span> <span class='ocrx_word' id='word_1_80' title='bbox 761 1350 820 1410; x_wconf 81' lang='lat' dir='ltr'>(lui</span> <span class='ocrx_word' id='word_1_81' title='bbox 854 1350 1039 1410; x_wconf 91' lang='lat' dir='ltr'>moderabor</span> <span class='ocrx_word' id='word_1_82' title='bbox 1072 1350 1267 1427; x_wconf 87' lang='lat' dir='ltr'>diligentius.</span> 
     </span>
     <span class='ocr_line' id='line_1_11' title="bbox 216 1453 1318 1534; baseline 0.001 -20"><span class='ocrx_word' id='word_1_83' title='bbox 216 1455 384 1529; x_wconf 75' lang='lat' dir='ltr'>Deiotarus</span> <span class='ocrx_word' id='word_1_84' title='bbox 399 1455 488 1514; x_wconf 91' lang='lat' dir='ltr'>ouius</span> <span class='ocrx_word' id='word_1_85' title='bbox 503 1453 633 1514; x_wconf 89' lang='lat' dir='ltr'>auxiliis</span> <span class='ocrx_word' id='word_1_86' title='bbox 648 1454 771 1531; x_wconf 84' lang='lat' dir='ltr'>magnis</span> <span class='ocrx_word' id='word_1_87' title='bbox 786 1474 861 1514; x_wconf 87' lang='lat' dir='ltr'>usus</span> <span class='ocrx_word' id='word_1_88' title='bbox 876 1474 945 1514; x_wconf 91' lang='lat' dir='ltr'>sum</span> <span class='ocrx_word' id='word_1_89' title='bbox 960 1455 1000 1514; x_wconf 90' lang='lat' dir='ltr'>ad</span> <span class='ocrx_word' id='word_1_90' title='bbox 1014 1473 1074 1531; x_wconf 90' lang='lat' dir='ltr'>me,</span> <span class='ocrx_word' id='word_1_91' title='bbox 1083 1461 1120 1514; x_wconf 93' lang='lat' dir='ltr'>ut</span> <span class='ocrx_word' id='word_1_92' title='bbox 1131 1455 1267 1534; x_wconf 87' lang='lat' dir='ltr'>scripsit,</span> <span class='ocrx_word' id='word_1_93' title='bbox 1289 1475 1318 1521; x_wconf 91' lang='lat'>10</span> 
     </span>
     <span class='ocr_line' id='line_1_12' title="bbox 216 1547 1269 1621; baseline 0 -1"><span class='ocrx_word' id='word_1_94' title='bbox 216 1579 287 1620; x_wconf 91' lang='lat' dir='ltr'>cum</span> <span class='ocrx_word' id='word_1_95' title='bbox 315 1560 516 1620; x_wconf 79' lang='lat' dir='ltr'>Ciceronibus</span> <span class='ocrx_word' id='word_1_96' title='bbox 544 1547 730 1619; x_wconf 77' lang='lat' dir='ltr'>Laodiceam</span> <span class='ocrx_word' id='word_1_97' title='bbox 758 1566 912 1619; x_wconf 88' lang='lat' dir='ltr'>venturus</span> <span class='ocrx_word' id='word_1_98' title='bbox 940 1565 1015 1620; x_wconf 90' lang='lat' dir='ltr'>erat.</span> <span class='ocrx_word' id='word_1_99' title='bbox 1058 1561 1143 1620; x_wconf 81' lang='lat' dir='ltr'>Tuas</span> <span class='ocrx_word' id='word_1_100' title='bbox 1171 1560 1269 1621; x_wconf 91' lang='lat' dir='ltr'>etiam</span> 
     </span>
     <span class='ocr_line' id='line_1_13' title="bbox 216 1663 1268 1742; baseline 0.002 -19"><span class='ocrx_word' id='word_1_101' title='bbox 216 1665 393 1742; x_wconf 85' lang='lat' dir='ltr'>Epiroticas</span> <span class='ocrx_word' id='word_1_102' title='bbox 408 1671 557 1742; x_wconf 88' lang='lat' dir='ltr'>exspecto</span> <span class='ocrx_word' id='word_1_103' title='bbox 572 1663 695 1725; x_wconf 85' lang='lat' dir='ltr'>litteras</span> <span class='ocrx_word' id='word_1_104' title='bbox 710 1670 746 1724; x_wconf 90' lang='lat' dir='ltr'>nt</span> <span class='ocrx_word' id='word_1_105' title='bbox 762 1665 894 1726; x_wconf 91' lang='lat' dir='ltr'>habeam</span> <span class='ocrx_word' id='word_1_106' title='bbox 916 1665 1071 1725; x_wconf 85' lang='lat' dir='ltr'>rationem</span> <span class='ocrx_word' id='word_1_107' title='bbox 1092 1684 1156 1725; x_wconf 92' lang='lat' dir='ltr'>non</span> <span class='ocrx_word' id='word_1_108' title='bbox 1176 1666 1268 1725; x_wconf 90' lang='lat' dir='ltr'>modo</span> 
     </span>
     <span class='ocr_line' id='line_1_14' title="bbox 216 1769 1268 1847; baseline 0.002 -18"><span class='ocrx_word' id='word_1_109' title='bbox 216 1769 336 1847; x_wconf 83' lang='lat' dir='ltr'>negotii</span> <span class='ocrx_word' id='word_1_110' title='bbox 350 1789 457 1830; x_wconf 90' lang='lat' dir='ltr'>verum</span> <span class='ocrx_word' id='word_1_111' title='bbox 473 1770 567 1830; x_wconf 91' lang='lat' dir='ltr'>etiam</span> <span class='ocrx_word' id='word_1_112' title='bbox 579 1769 637 1829; x_wconf 92' lang='lat' dir='ltr'>otii</span> <span class='ocrx_word' id='word_1_113' title='bbox 651 1769 708 1828; x_wconf 87' lang='lat' dir='ltr'>tui.</span> <span class='ocrx_word' id='word_1_114' title='bbox 750 1769 890 1830; x_wconf 86' lang='lat' dir='ltr'>Nicanor</span> <span class='ocrx_word' id='word_1_115' title='bbox 906 1769 940 1829; x_wconf 92' lang='lat' dir='ltr'>in</span> <span class='ocrx_word' id='word_1_116' title='bbox 957 1769 1058 1830; x_wconf 88' lang='lat' dir='ltr'>officio</span> <span class='ocrx_word' id='word_1_117' title='bbox 1077 1776 1172 1831; x_wconf 88' lang='lat' dir='ltr'>estet</span> <span class='ocrx_word' id='word_1_118' title='bbox 1186 1789 1205 1831; x_wconf 94' lang='lat' dir='ltr'>a</span> <span class='ocrx_word' id='word_1_119' title='bbox 1218 1790 1268 1831; x_wconf 89' lang='lat' dir='ltr'>me</span> 
     </span>
     <span class='ocr_line' id='line_1_15' title="bbox 216 1874 1268 1952; baseline 0.003 -19"><span class='ocrx_word' id='word_1_120' title='bbox 216 1874 389 1935; x_wconf 89' lang='lat' dir='ltr'>liberaliter</span> <span class='ocrx_word' id='word_1_121' title='bbox 402 1881 567 1935; x_wconf 86' lang='lat' dir='ltr'>tractatur.</span> <span class='ocrx_word' id='word_1_122' title='bbox 612 1876 719 1950; x_wconf 83' lang='lat' dir='ltr'>Quem,</span> <span class='ocrx_word' id='word_1_123' title='bbox 737 1879 773 1934; x_wconf 90' lang='lat' dir='ltr'>ut</span> <span class='ocrx_word' id='word_1_124' title='bbox 794 1880 880 1952; x_wconf 88' lang='lat' dir='ltr'>puto,</span> <span class='ocrx_word' id='word_1_125' title='bbox 903 1875 1034 1935; x_wconf 83' lang='lat' dir='ltr'>Romam</span> <span class='ocrx_word' id='word_1_126' title='bbox 1056 1893 1128 1934; x_wconf 89' lang='lat' dir='ltr'>cum</span> <span class='ocrx_word' id='word_1_127' title='bbox 1150 1875 1268 1936; x_wconf 91' lang='lat' dir='ltr'>litteris</span> 
     </span>
     <span class='ocr_line' id='line_1_16' title="bbox 216 1978 1316 2058; baseline 0.001 -19"><span class='ocrx_word' id='word_1_128' title='bbox 216 1979 352 2057; x_wconf 89' lang='lat' dir='ltr'>publicis</span> <span class='ocrx_word' id='word_1_129' title='bbox 368 1980 492 2040; x_wconf 90' lang='lat' dir='ltr'>mittam</span> <span class='ocrx_word' id='word_1_130' title='bbox 508 1985 589 2040; x_wconf 92' lang='lat' dir='ltr'>utet</span> <span class='ocrx_word' id='word_1_131' title='bbox 603 1978 787 2056; x_wconf 86' lang='lat' dir='ltr'>diligentius</span> <span class='ocrx_word' id='word_1_132' title='bbox 802 1980 1002 2058; x_wconf 86' lang='lat' dir='ltr'>perferantur</span> <span class='ocrx_word' id='word_1_133' title='bbox 1016 1987 1048 2040; x_wconf 91' lang='lat' dir='ltr'>et</span> <span class='ocrx_word' id='word_1_134' title='bbox 1062 1981 1147 2040; x_wconf 91' lang='lat' dir='ltr'>idem</span> <span class='ocrx_word' id='word_1_135' title='bbox 1161 1981 1201 2040; x_wconf 89' lang='lat' dir='ltr'>ad</span> <span class='ocrx_word' id='word_1_136' title='bbox 1218 1999 1268 2041; x_wconf 93' lang='lat' dir='ltr'>me</span> <span class='ocrx_word' id='word_1_137' title='bbox 1288 2004 1316 2049; x_wconf 78' lang='lat'>15</span> 
     </span>
    </p>
   </div>
   <div class='ocr_carea' id='block_1_3' title="bbox 124 2084 1269 2162">
    <p class='ocr_par' dir='ltr' id='par_1_4' title="bbox 124 2084 1269 2162">
     <span class='ocr_line' id='line_1_17' title="bbox 124 2084 1269 2162; baseline 0.005 -22"><span class='ocrx_word' id='word_1_138' title='bbox 124 2134 127 2140; x_wconf 94' lang='grc'><em>,</em></span> <span class='ocrx_word' id='word_1_139' title='bbox 216 2085 400 2144; x_wconf 90' lang='lat' dir='ltr'>certadete</span> <span class='ocrx_word' id='word_1_140' title='bbox 415 2090 525 2145; x_wconf 88' lang='lat' dir='ltr'>etate</span> <span class='ocrx_word' id='word_1_141' title='bbox 543 2085 667 2145; x_wconf 85' lang='lat' dir='ltr'>referat.</span> <span class='ocrx_word' id='word_1_142' title='bbox 712 2084 823 2146; x_wconf 85' lang='lat' dir='ltr'>Alexis</span> <span class='ocrx_word' id='word_1_143' title='bbox 845 2086 928 2162; x_wconf 91' lang='lat' dir='ltr'>quod</span> <span class='ocrx_word' id='word_1_144' title='bbox 950 2085 1029 2144; x_wconf 89' lang='lat' dir='ltr'>mihi</span> <span class='ocrx_word' id='word_1_145' title='bbox 1051 2086 1168 2146; x_wconf 89' lang='lat' dir='ltr'>totiens</span> <span class='ocrx_word' id='word_1_146' title='bbox 1189 2085 1269 2146; x_wconf 89' lang='lat' dir='ltr'>salu·</span> 
     </span>
    </p>
   </div>
   <div class='ocr_carea' id='block_1_4' title="bbox 216 2190 1318 3214">
    <p class='ocr_par' dir='ltr' id='par_1_5' title="bbox 216 2190 1317 2584">
     <span class='ocr_line' id='line_1_18' title="bbox 216 2190 1268 2267; baseline 0 -17"><span class='ocrx_word' id='word_1_147' title='bbox 216 2195 279 2250; x_wconf 90' lang='lat' dir='ltr'>tem</span> <span class='ocrx_word' id='word_1_148' title='bbox 303 2190 455 2250; x_wconf 89' lang='lat' dir='ltr'>adscribit</span> <span class='ocrx_word' id='word_1_149' title='bbox 478 2196 526 2250; x_wconf 91' lang='lat' dir='ltr'>est</span> <span class='ocrx_word' id='word_1_150' title='bbox 550 2197 688 2267; x_wconf 83' lang='lat' dir='ltr'>gratum;</span> <span class='ocrx_word' id='word_1_151' title='bbox 719 2191 774 2250; x_wconf 90' lang='lat' dir='ltr'>sed</span> <span class='ocrx_word' id='word_1_152' title='bbox 797 2209 851 2250; x_wconf 88' lang='lat' dir='ltr'>cur</span> <span class='ocrx_word' id='word_1_153' title='bbox 874 2209 937 2250; x_wconf 90' lang='lat' dir='ltr'>non</span> <span class='ocrx_word' id='word_1_154' title='bbox 959 2191 1024 2251; x_wconf 87' lang='lat' dir='ltr'>suis</span> <span class='ocrx_word' id='word_1_155' title='bbox 1046 2190 1163 2252; x_wconf 86' lang='lat' dir='ltr'>litteris</span> <span class='ocrx_word' id='word_1_156' title='bbox 1184 2191 1268 2251; x_wconf 90' lang='lat' dir='ltr'>idem</span> 
     </span>
     <span class='ocr_line' id='line_1_19' title="bbox 216 2295 1269 2373; baseline 0 -19"><span class='ocrx_word' id='word_1_157' title='bbox 216 2295 295 2356; x_wconf 84' lang='lat' dir='ltr'>facit</span> <span class='ocrx_word' id='word_1_158' title='bbox 319 2295 403 2372; x_wconf 90' lang='lat' dir='ltr'>qnod</span> <span class='ocrx_word' id='word_1_159' title='bbox 427 2313 514 2356; x_wconf 90' lang='lat' dir='ltr'>meus</span> <span class='ocrx_word' id='word_1_160' title='bbox 539 2295 577 2355; x_wconf 90' lang='lat' dir='ltr'>ad</span> <span class='ocrx_word' id='word_1_161' title='bbox 602 2300 635 2354; x_wconf 89' lang='lat' dir='ltr'>te</span> <span class='ocrx_word' id='word_1_162' title='bbox 662 2295 773 2355; x_wconf 85' lang='lat' dir='ltr'>Alexis</span> <span class='ocrx_word' id='word_1_163' title='bbox 802 2295 906 2356; x_wconf 85' lang='lat' dir='ltr'>facit?</span> <span class='ocrx_word' id='word_1_164' title='bbox 948 2296 1080 2356; x_wconf 88' lang='lat' dir='ltr'>Phemio</span> <span class='ocrx_word' id='word_1_165' title='bbox 1108 2296 1269 2373; x_wconf 86' lang='lat' dir='ltr'>quaeritur</span> 
     </span>
     <span class='ocr_line' id='line_1_20' title="bbox 217 2400 1268 2479; baseline 0 -19"><span class='ocrx_word' id='word_1_166' title='bbox 217 2401 304 2479; x_wconf 80' lang='grc' dir='ltr'>κέρας.</span> <span class='ocrx_word' id='word_1_167' title='bbox 348 2400 410 2460; x_wconf 89' lang='lat' dir='ltr'>Sed</span> <span class='ocrx_word' id='word_1_168' title='bbox 437 2400 514 2460; x_wconf 90' lang='lat' dir='ltr'>haec</span> <span class='ocrx_word' id='word_1_169' title='bbox 541 2400 701 2460; x_wconf 89' lang='lat' dir='ltr'>hactenus.</span> <span class='ocrx_word' id='word_1_170' title='bbox 745 2401 829 2462; x_wconf 83' lang='lat' dir='ltr'>Oura</span> <span class='ocrx_word' id='word_1_171' title='bbox 855 2405 891 2460; x_wconf 90' lang='lat' dir='ltr'>ut</span> <span class='ocrx_word' id='word_1_172' title='bbox 917 2400 1023 2462; x_wconf 86' lang='lat' dir='ltr'>valeas</span> <span class='ocrx_word' id='word_1_173' title='bbox 1048 2407 1081 2461; x_wconf 90' lang='lat' dir='ltr'>et</span> <span class='ocrx_word' id='word_1_174' title='bbox 1107 2407 1144 2460; x_wconf 92' lang='lat' dir='ltr'>nt</span> <span class='ocrx_word' id='word_1_175' title='bbox 1171 2401 1268 2461; x_wconf 90' lang='lat' dir='ltr'>sciam</span> 
     </span>
     <span class='ocr_line' id='line_1_21' title="bbox 216 2505 1317 2584; baseline 0.006 -20"><span class='ocrx_word' id='word_1_176' title='bbox 216 2505 342 2582; x_wconf 86' lang='lat' dir='ltr'>quando</span> <span class='ocrx_word' id='word_1_177' title='bbox 356 2505 473 2580; x_wconf 87' lang='lat' dir='ltr'>cogites</span> <span class='ocrx_word' id='word_1_178' title='bbox 489 2506 630 2566; x_wconf 84' lang='lat' dir='ltr'>Romam.</span> <span class='ocrx_word' id='word_1_179' title='bbox 671 2505 776 2566; x_wconf 88' lang='lat' dir='ltr'>Etiam</span> <span class='ocrx_word' id='word_1_180' title='bbox 793 2512 886 2584; x_wconf 88' lang='lat' dir='ltr'>atquo</span> <span class='ocrx_word' id='word_1_181' title='bbox 902 2506 998 2566; x_wconf 89' lang='lat' dir='ltr'>otiam</span> <span class='ocrx_word' id='word_1_182' title='bbox 1013 2506 1090 2566; x_wconf 87' lang='lat' dir='ltr'>vale.</span> <span class='ocrx_word' id='word_1_183' title='bbox 1287 2526 1317 2571; x_wconf 85' lang='lat' dir='ltr'>ao</span> 
     </span>
    </p>

    <p class='ocr_par' dir='ltr' id='par_1_6' title="bbox 216 2610 1318 3214">
     <span class='ocr_line' id='line_1_22' title="bbox 255 2610 1268 2689; baseline 0.001 -20"><span class='ocrx_word' id='word_1_184' title='bbox 255 2611 324 2670; x_wconf 81' lang='lat' dir='ltr'>Tua</span> <span class='ocrx_word' id='word_1_185' title='bbox 344 2616 478 2686; x_wconf 91' lang='lat' dir='ltr'>tuosque</span> <span class='ocrx_word' id='word_1_186' title='bbox 498 2610 633 2670; x_wconf 87' lang='lat' dir='ltr'>Thermo</span> <span class='ocrx_word' id='word_1_187' title='bbox 654 2615 687 2670; x_wconf 92' lang='lat' dir='ltr'>et</span> <span class='ocrx_word' id='word_1_188' title='bbox 708 2629 855 2688; x_wconf 87' lang='lat' dir='ltr'>praesens</span> <span class='ocrx_word' id='word_1_189' title='bbox 876 2611 995 2689; x_wconf 81' lang='lat' dir='ltr'>Ephesi</span> <span class='ocrx_word' id='word_1_190' title='bbox 1025 2610 1268 2687; x_wconf 82' lang='lat' dir='ltr'>diligentissime</span> 
     </span>
     <span class='ocr_line' id='line_1_23' title="bbox 216 2713 1268 2794; baseline 0.002 -20"><span class='ocrx_word' id='word_1_191' title='bbox 216 2714 466 2775; x_wconf 86' lang='lat' dir='ltr'>commendaram</span> <span class='ocrx_word' id='word_1_192' title='bbox 481 2723 514 2774; x_wconf 91' lang='lat' dir='ltr'>et</span> <span class='ocrx_word' id='word_1_193' title='bbox 527 2734 610 2775; x_wconf 90' lang='lat' dir='ltr'>nunc</span> <span class='ocrx_word' id='word_1_194' title='bbox 625 2734 681 2793; x_wconf 90' lang='lat' dir='ltr'>per</span> <span class='ocrx_word' id='word_1_195' title='bbox 701 2713 826 2776; x_wconf 89' lang='lat' dir='ltr'>litteras</span> <span class='ocrx_word' id='word_1_196' title='bbox 847 2715 1013 2794; x_wconf 91' lang='lat' dir='ltr'>ipsumque</span> <span class='ocrx_word' id='word_1_197' title='bbox 1034 2716 1179 2776; x_wconf 85' lang='lat' dir='ltr'>intellexi</span> <span class='ocrx_word' id='word_1_198' title='bbox 1199 2734 1268 2777; x_wconf 89' lang='lat' dir='ltr'>esse</span> 
     </span>
     <span class='ocr_line' id='line_1_24' title="bbox 216 2801 1269 2899; baseline 0.003 -20"><span class='ocrx_word' id='word_1_199' title='bbox 216 2820 448 2898; x_wconf 89' lang='lat' dir='ltr'>perstudiosum</span> <span class='ocrx_word' id='word_1_200' title='bbox 462 2818 519 2880; x_wconf 93' lang='lat' dir='ltr'>tui.</span> <span class='ocrx_word' id='word_1_201' title='bbox 561 2821 610 2879; x_wconf 85' lang='lat' dir='ltr'>Tu</span> <span class='ocrx_word' id='word_1_202' title='bbox 625 2801 730 2893; x_wconf 75' lang='lat' dir='ltr'>velim,</span> <span class='ocrx_word' id='word_1_203' title='bbox 752 2821 837 2898; x_wconf 90' lang='lat' dir='ltr'>quod</span> <span class='ocrx_word' id='word_1_204' title='bbox 857 2826 951 2881; x_wconf 87' lang='lat' dir='ltr'>antea</span> <span class='ocrx_word' id='word_1_205' title='bbox 971 2821 1012 2881; x_wconf 91' lang='lat' dir='ltr'>ad</span> <span class='ocrx_word' id='word_1_206' title='bbox 1032 2827 1065 2881; x_wconf 91' lang='lat' dir='ltr'>te</span> <span class='ocrx_word' id='word_1_207' title='bbox 1086 2821 1207 2899; x_wconf 88' lang='lat' dir='ltr'>scripsi,</span> <span class='ocrx_word' id='word_1_208' title='bbox 1229 2822 1269 2882; x_wconf 92' lang='grc'><strong>(16</strong></span> 
     </span>
     <span class='ocr_line' id='line_1_25' title="bbox 216 2925 1269 3005; baseline 0.003 -20"><span class='ocrx_word' id='word_1_209' title='bbox 216 2926 308 2986; x_wconf 92' lang='lat' dir='ltr'>domo</span> <span class='ocrx_word' id='word_1_210' title='bbox 324 2925 487 3002; x_wconf 73' lang='lat' dir='ltr'>Bammeni</span> <span class='ocrx_word' id='word_1_211' title='bbox 509 2926 563 2986; x_wconf 88' lang='lat' dir='ltr'>des</span> <span class='ocrx_word' id='word_1_212' title='bbox 585 2945 710 3004; x_wconf 86' lang='lat' dir='ltr'>operam</span> <span class='ocrx_word' id='word_1_213' title='bbox 732 2932 769 2986; x_wconf 93' lang='lat' dir='ltr'>ut</span> <span class='ocrx_word' id='word_1_214' title='bbox 789 2926 874 3005; x_wconf 92' lang='lat' dir='ltr'>quod</span> <span class='ocrx_word' id='word_1_215' title='bbox 894 2932 949 2986; x_wconf 93' lang='lat' dir='ltr'>tuo</span> <span class='ocrx_word' id='word_1_216' title='bbox 969 2945 1099 3004; x_wconf 90' lang='lat' dir='ltr'>meoque</span> <span class='ocrx_word' id='word_1_217' title='bbox 1120 2926 1269 2988; x_wconf 88' lang='lat' dir='ltr'>beneficio</span> 
     </span>
     <span class='ocr_line' id='line_1_26' title="bbox 216 3030 1318 3110; baseline 0.001 -19"><span class='ocrx_word' id='word_1_218' title='bbox 216 3050 294 3109; x_wconf 89' lang='lat' dir='ltr'>puer</span> <span class='ocrx_word' id='word_1_219' title='bbox 308 3031 403 3092; x_wconf 89' lang='lat' dir='ltr'>habet</span> <span class='ocrx_word' id='word_1_220' title='bbox 418 3049 506 3091; x_wconf 85' lang='lat' dir='ltr'>cures</span> <span class='ocrx_word' id='word_1_221' title='bbox 520 3049 559 3090; x_wconf 89' lang='lat' dir='ltr'>no</span> <span class='ocrx_word' id='word_1_222' title='bbox 574 3050 636 3109; x_wconf 88' lang='lat' dir='ltr'>qua</span> <span class='ocrx_word' id='word_1_223' title='bbox 658 3031 777 3092; x_wconf 83' lang='lat' dir='ltr'>ratione</span> <span class='ocrx_word' id='word_1_224' title='bbox 799 3030 1001 3091; x_wconf 87' lang='lat' dir='ltr'>convellatur.</span> <span class='ocrx_word' id='word_1_225' title='bbox 1044 3032 1181 3110; x_wconf 89' lang='lat' dir='ltr'>Utrique</span> <span class='ocrx_word' id='word_1_226' title='bbox 1201 3051 1270 3092; x_wconf 77' lang='lat' dir='ltr'>nos</span> <span class='ocrx_word' id='word_1_227' title='bbox 1288 3053 1318 3098; x_wconf 77' lang='lat'>25</span> 
     </span>
     <span class='ocr_line' id='line_1_27' title="bbox 216 3135 1120 3214; baseline 0.003 -20"><span class='ocrx_word' id='word_1_228' title='bbox 216 3141 301 3195; x_wconf 84' lang='lat' dir='ltr'>trum</span> <span class='ocrx_word' id='word_1_229' title='bbox 314 3135 481 3197; x_wconf 87' lang='lat' dir='ltr'>honestum</span> <span class='ocrx_word' id='word_1_230' title='bbox 497 3136 660 3212; x_wconf 81' lang='lat' dir='ltr'>existim03</span> <span class='ocrx_word' id='word_1_231' title='bbox 681 3143 750 3196; x_wconf 91' lang='lat' dir='ltr'>tum</span> <span class='ocrx_word' id='word_1_232' title='bbox 765 3135 844 3197; x_wconf 91' lang='lat' dir='ltr'>mihi</span> <span class='ocrx_word' id='word_1_233' title='bbox 859 3136 919 3196; x_wconf 89' lang='lat' dir='ltr'>erit</span> <span class='ocrx_word' id='word_1_234' title='bbox 932 3142 1120 3214; x_wconf 86' lang='lat' dir='ltr'>pergratum.</span> 
     </span>
    </p>
   </div>
   <div class='ocr_carea' id='block_1_5' title="bbox 0 0 1534 4284">
    <p class='ocr_par' dir='ltr' id='par_1_7' title="bbox 0 0 1534 4284">
     <span class='ocr_line' id='line_1_28' title="bbox 0 0 1534 4284; baseline 0 0"><span class='ocrx_word' id='word_1_235' title='bbox 0 0 1534 4284; x_wconf 95' lang='lat' dir='ltr'> </span> 
     </span>
    </p>
   </div>
  </div>
 </body>
</html>
