<?xml version="1.0" encoding="UTF-8"?>
<!DOCTYPE html PUBLIC "-//W3C//DTD XHTML 1.0 Transitional//EN"
    "http://www.w3.org/TR/xhtml1/DTD/xhtml1-transitional.dtd">
<html xmlns="http://www.w3.org/1999/xhtml" xml:lang="en" lang="en">
 <head>
  <title>
</title>
<meta http-equiv="Content-Type" content="text/html;charset=utf-8" />
  <meta name='ocr-system' content='tesseract 3.04.00' />
  <meta name='ocr-capabilities' content='ocr_page ocr_carea ocr_par ocr_line ocrx_word'/>
</head>
<body>
  <div class='ocr_page' id='page_1' title='image "./selectionsfromr00miergoog_0091.png"; bbox 0 0 3038 4278; ppageno 0'>
   <div class='ocr_carea' id='block_1_1' title="bbox 270 309 991 386">
    <p class='ocr_par' dir='ltr' id='par_1_1' title="bbox 270 309 991 386">
     <span class='ocr_line' id='line_1_1' title="bbox 270 309 991 386; baseline 0.012 -9"><span class='ocrx_word' id='word_1_1' title='bbox 270 309 315 377; x_wconf 89' lang='grc'>76</span> <span class='ocrx_word' id='word_1_2' title='bbox 592 323 716 383; x_wconf 80' lang='lat' dir='ltr'>LATIN</span> <span class='ocrx_word' id='word_1_3' title='bbox 741 328 991 386; x_wconf 78' lang='lat' dir='ltr'>SELEC&#39;PIONS</span> 
     </span>
    </p>
   </div>
   <div class='ocr_carea' id='block_1_2' title="bbox 267 495 1321 896">
    <p class='ocr_par' dir='ltr' id='par_1_2' title="bbox 267 495 1321 896">
     <span class='ocr_line' id='line_1_2' title="bbox 269 495 1321 580; baseline 0.01 -27"><span class='ocrx_word' id='word_1_4' title='bbox 269 499 364 569; x_wconf 86' lang='lat' dir='ltr'>aetas,</span> <span class='ocrx_word' id='word_1_5' title='bbox 380 495 502 555; x_wconf 90' lang='lat' dir='ltr'>animus</span> <span class='ocrx_word' id='word_1_6' title='bbox 525 495 623 572; x_wconf 88' lang='lat' dir='ltr'>valet;</span> <span class='ocrx_word' id='word_1_7' title='bbox 646 503 754 558; x_wconf 90' lang='lat' dir='ltr'>contra</span> <span class='ocrx_word' id='word_1_8' title='bbox 767 499 833 560; x_wconf 89' lang='lat' dir='ltr'>illis</span> <span class='ocrx_word' id='word_1_9' title='bbox 855 501 946 562; x_wconf 88' lang='lat' dir='ltr'>annis</span> <span class='ocrx_word' id='word_1_10' title='bbox 961 506 1057 580; x_wconf 88' lang='lat' dir='ltr'>atque</span> <span class='ocrx_word' id='word_1_11' title='bbox 1078 501 1201 563; x_wconf 88' lang='lat' dir='ltr'>divitiis</span> <span class='ocrx_word' id='word_1_12' title='bbox 1216 503 1321 564; x_wconf 89' lang='lat' dir='ltr'>omnia</span> 
     </span>
     <span class='ocr_line' id='line_1_3' title="bbox 269 603 1320 684; baseline 0.01 -24"><span class='ocrx_word' id='word_1_13' title='bbox 269 607 507 660; x_wconf 87' lang='lat' dir='ltr'>consenuerunt.</span> <span class='ocrx_word' id='word_1_14' title='bbox 549 603 686 663; x_wconf 79' lang='lat' dir='ltr'>Tantum</span> <span class='ocrx_word' id='word_1_15' title='bbox 710 605 802 664; x_wconf 90' lang='lat' dir='ltr'>modo</span> <span class='ocrx_word' id='word_1_16' title='bbox 826 604 951 683; x_wconf 89' lang='lat' dir='ltr'>incepto</span> <span class='ocrx_word' id='word_1_17' title='bbox 966 625 1044 684; x_wconf 90' lang='lat' dir='ltr'>opus</span> <span class='ocrx_word' id='word_1_18' title='bbox 1067 614 1124 683; x_wconf 89' lang='lat' dir='ltr'>ost,</span> <span class='ocrx_word' id='word_1_19' title='bbox 1140 613 1244 668; x_wconf 87' lang='lat' dir='ltr'>cetera</span> <span class='ocrx_word' id='word_1_20' title='bbox 1271 627 1320 670; x_wconf 86' lang='lat' dir='ltr'>res</span> 
     </span>
     <span class='ocr_line' id='line_1_4' title="bbox 268 704 1319 790; baseline 0.009 -26"><span class='ocrx_word' id='word_1_21' title='bbox 268 704 422 783; x_wconf 82' lang='lat' dir='ltr'>expediet.</span> <span class='ocrx_word' id='word_1_22' title='bbox 465 707 591 767; x_wconf 81' lang='lat' dir='ltr'>Etenim</span> <span class='ocrx_word' id='word_1_23' title='bbox 613 709 684 786; x_wconf 91' lang='lat' dir='ltr'>quis</span> <span class='ocrx_word' id='word_1_24' title='bbox 704 709 893 786; x_wconf 81' lang='lat' dir='ltr'>mortalium,</span> <span class='ocrx_word' id='word_1_25' title='bbox 908 711 960 770; x_wconf 94' lang='lat' dir='ltr'>cui</span> <span class='ocrx_word' id='word_1_26' title='bbox 979 712 1071 773; x_wconf 87' lang='lat' dir='ltr'>virile</span> <span class='ocrx_word' id='word_1_27' title='bbox 1084 713 1245 788; x_wconf 83' lang='lat' dir='ltr'>ingenium</span> <span class='ocrx_word' id='word_1_28' title='bbox 1261 721 1319 790; x_wconf 86' lang='lat' dir='ltr'>est,</span> 
     </span>
     <span class='ocr_line' id='line_1_5' title="bbox 267 810 1320 896; baseline 0.009 -26"><span class='ocrx_word' id='word_1_29' title='bbox 267 810 402 872; x_wconf 89' lang='lat' dir='ltr'>tolerare</span> <span class='ocrx_word' id='word_1_30' title='bbox 423 816 528 889; x_wconf 89' lang='lat' dir='ltr'>potest</span> <span class='ocrx_word' id='word_1_31' title='bbox 550 811 616 874; x_wconf 89' lang='lat' dir='ltr'>illis</span> <span class='ocrx_word' id='word_1_32' title='bbox 641 813 770 875; x_wconf 86' lang='lat' dir='ltr'>divitias</span> <span class='ocrx_word' id='word_1_33' title='bbox 793 834 940 893; x_wconf 89' lang='lat' dir='ltr'>superare</span> <span class='ocrx_word' id='word_1_34' title='bbox 963 836 1042 895; x_wconf 91' lang='lat' dir='ltr'>quas</span> <span class='ocrx_word' id='word_1_35' title='bbox 1067 819 1262 896; x_wconf 74' lang='lat' dir='ltr'><strong>profundant</strong></span> <span class='ocrx_word' id='word_1_36' title='bbox 1287 820 1320 879; x_wconf 94' lang='lat' dir='ltr'>in</span> 
     </span>
    </p>
   </div>
   <div class='ocr_carea' id='block_1_3' title="bbox 233 915 1324 1099">
    <p class='ocr_par' dir='ltr' id='par_1_3' title="bbox 233 915 1324 1099">
     <span class='ocr_line' id='line_1_6' title="bbox 233 915 1324 999; baseline 0 -20"><span class='ocrx_word' id='word_1_37' title='bbox 233 915 452 979; x_wconf 74' lang='lat' dir='ltr'>construendo</span> <span class='ocrx_word' id='word_1_38' title='bbox 466 915 545 974; x_wconf 85' lang='lat' dir='ltr'>mari</span> <span class='ocrx_word' id='word_1_39' title='bbox 560 923 592 976; x_wconf 89' lang='lat' dir='ltr'>et</span> <span class='ocrx_word' id='word_1_40' title='bbox 607 918 765 980; x_wconf 90' lang='lat' dir='ltr'>montibus</span> <span class='ocrx_word' id='word_1_41' title='bbox 782 921 1001 999; x_wconf 83' lang='lat' dir='ltr'>coaequandis,</span> <span class='ocrx_word' id='word_1_42' title='bbox 1017 920 1107 980; x_wconf 88' lang='lat' dir='ltr'>nobis</span> <span class='ocrx_word' id='word_1_43' title='bbox 1125 939 1191 979; x_wconf 87' lang='lat' dir='ltr'>rem</span> <span class='ocrx_word' id='word_1_44' title='bbox 1208 920 1324 980; x_wconf 85' lang='lat' dir='ltr'>famili·</span> 
     </span>
     <span class='ocr_line' id='line_1_7' title="bbox 267 1013 1318 1099; baseline -0.004 -20"><span class='ocrx_word' id='word_1_45' title='bbox 267 1037 352 1079; x_wconf 89' lang='lat' dir='ltr'>arem</span> <span class='ocrx_word' id='word_1_46' title='bbox 370 1018 463 1078; x_wconf 86' lang='lat' dir='ltr'>etiam</span> <span class='ocrx_word' id='word_1_47' title='bbox 487 1017 527 1077; x_wconf 87' lang='lat' dir='ltr'>ad</span> <span class='ocrx_word' id='word_1_48' title='bbox 538 1015 724 1094; x_wconf 37' lang='lat' dir='ltr'>,necessaria</span> <span class='ocrx_word' id='word_1_49' title='bbox 744 1016 877 1099; x_wconf 79' lang='lat' dir='ltr'>deesse?</span> <span class='ocrx_word' id='word_1_50' title='bbox 912 1013 983 1074; x_wconf 90' lang='lat' dir='ltr'>illos</span> <span class='ocrx_word' id='word_1_51' title='bbox 1002 1015 1092 1076; x_wconf 87' lang='lat' dir='ltr'>binas</span> <span class='ocrx_word' id='word_1_52' title='bbox 1110 1021 1165 1074; x_wconf 89' lang='lat' dir='ltr'>aut</span> <span class='ocrx_word' id='word_1_53' title='bbox 1182 1014 1318 1092; x_wconf 87' lang='lat' dir='ltr'>amplius</span> 
     </span>
    </p>
   </div>
   <div class='ocr_carea' id='block_1_4' title="bbox 147 1119 1321 2147">
    <p class='ocr_par' dir='ltr' id='par_1_4' title="bbox 217 1119 1319 1410">
     <span class='ocr_line' id='line_1_8' title="bbox 217 1119 1319 1198; baseline -0.004 -14"><span class='ocrx_word' id='word_1_54' title='bbox 217 1163 219 1166; x_wconf 94' lang='lat'>-</span> <span class='ocrx_word' id='word_1_55' title='bbox 267 1124 375 1185; x_wconf 87' lang='lat' dir='ltr'>domos</span> <span class='ocrx_word' id='word_1_56' title='bbox 396 1122 588 1196; x_wconf 88' lang='lat' dir='ltr'>continuare,</span> <span class='ocrx_word' id='word_1_57' title='bbox 600 1121 690 1181; x_wconf 89' lang='lat' dir='ltr'>nobis</span> <span class='ocrx_word' id='word_1_58' title='bbox 713 1120 811 1180; x_wconf 87' lang='lat' dir='ltr'>larem</span> <span class='ocrx_word' id='word_1_59' title='bbox 830 1119 1019 1180; x_wconf 78' lang='lat' dir='ltr'>familiarem</span> <span class='ocrx_word' id='word_1_60' title='bbox 1042 1139 1198 1198; x_wconf 81' lang='lat' dir='ltr'>nusquam</span> <span class='ocrx_word' id='word_1_61' title='bbox 1219 1120 1319 1180; x_wconf 90' lang='lat' dir='ltr'>ullum</span> 
     </span>
     <span class='ocr_line' id='line_1_9' title="bbox 267 1225 1319 1302; baseline -0.004 -12"><span class='ocrx_word' id='word_1_62' title='bbox 267 1229 360 1290; x_wconf 86' lang='lat' dir='ltr'>osse?</span> <span class='ocrx_word' id='word_1_63' title='bbox 396 1229 473 1289; x_wconf 81' lang='lat' dir='ltr'>Cum</span> <span class='ocrx_word' id='word_1_64' title='bbox 489 1225 624 1301; x_wconf 89' lang='lat' dir='ltr'>tabulas,</span> <span class='ocrx_word' id='word_1_65' title='bbox 639 1225 737 1302; x_wconf 90' lang='lat' dir='ltr'>signa,</span> <span class='ocrx_word' id='word_1_66' title='bbox 752 1230 928 1286; x_wconf 73' lang='lat' dir='ltr'>toreumata</span> <span class='ocrx_word' id='word_1_67' title='bbox 949 1231 1066 1300; x_wconf 88' lang='lat' dir='ltr'>emunt,</span> <span class='ocrx_word' id='word_1_68' title='bbox 1081 1244 1164 1286; x_wconf 88' lang='lat' dir='ltr'>nova</span> <span class='ocrx_word' id='word_1_69' title='bbox 1180 1225 1319 1301; x_wconf 91' lang='lat' dir='ltr'>diruunt,</span> 
     </span>
     <span class='ocr_line' id='line_1_10' title="bbox 267 1331 1318 1410; baseline -0.003 -16"><span class='ocrx_word' id='word_1_70' title='bbox 267 1333 331 1394; x_wconf 87' lang='lat' dir='ltr'>alia</span> <span class='ocrx_word' id='word_1_71' title='bbox 351 1333 524 1407; x_wconf 87' lang='lat' dir='ltr'>aedificant,</span> <span class='ocrx_word' id='word_1_72' title='bbox 540 1337 697 1410; x_wconf 87' lang='lat' dir='ltr'>postremo</span> <span class='ocrx_word' id='word_1_73' title='bbox 711 1331 855 1391; x_wconf 89' lang='lat' dir='ltr'>omnibus</span> <span class='ocrx_word' id='word_1_74' title='bbox 877 1331 978 1392; x_wconf 89' lang='lat' dir='ltr'>modis</span> <span class='ocrx_word' id='word_1_75' title='bbox 997 1331 1161 1410; x_wconf 85' lang='lat' dir='ltr'>pecuniam</span> <span class='ocrx_word' id='word_1_76' title='bbox 1179 1332 1318 1407; x_wconf 91' lang='lat' dir='ltr'>trahunt,</span> 
     </span>
    </p>

    <p class='ocr_par' dir='ltr' id='par_1_5' title="bbox 220 1435 1321 1814">
     <span class='ocr_line' id='line_1_11' title="bbox 220 1435 1320 1516; baseline -0.005 -12"><span class='ocrx_word' id='word_1_77' title='bbox 220 1457 248 1504; x_wconf 89' lang='lat'>10</span> <span class='ocrx_word' id='word_1_78' title='bbox 267 1443 393 1513; x_wconf 80' lang='lat' dir='ltr'>vexant,</span> <span class='ocrx_word' id='word_1_79' title='bbox 409 1443 514 1498; x_wconf 89' lang='lat' dir='ltr'>tamen</span> <span class='ocrx_word' id='word_1_80' title='bbox 529 1455 651 1496; x_wconf 88' lang='lat' dir='ltr'>summa</span> <span class='ocrx_word' id='word_1_81' title='bbox 672 1435 814 1496; x_wconf 88' lang='lat' dir='ltr'>lubidine</span> <span class='ocrx_word' id='word_1_82' title='bbox 828 1435 957 1498; x_wconf 84' lang='lat' dir='ltr'>divitias</span> <span class='ocrx_word' id='word_1_83' title='bbox 979 1456 1052 1498; x_wconf 87' lang='lat' dir='ltr'>suas</span> <span class='ocrx_word' id='word_1_84' title='bbox 1067 1437 1190 1498; x_wconf 85' lang='lat' dir='ltr'>vincere</span> <span class='ocrx_word' id='word_1_85' title='bbox 1207 1457 1320 1516; x_wconf 87' lang='lat' dir='ltr'>nequo-</span> 
     </span>
     <span class='ocr_line' id='line_1_12' title="bbox 267 1540 1319 1620; baseline -0.001 -17"><span class='ocrx_word' id='word_1_86' title='bbox 267 1551 333 1604; x_wconf 87' lang='lat' dir='ltr'>unt.</span> <span class='ocrx_word' id='word_1_87' title='bbox 378 1543 421 1602; x_wconf 83' lang='lat' dir='ltr'>At</span> <span class='ocrx_word' id='word_1_88' title='bbox 436 1542 525 1602; x_wconf 89' lang='lat' dir='ltr'>nobis</span> <span class='ocrx_word' id='word_1_89' title='bbox 540 1547 588 1602; x_wconf 87' lang='lat' dir='ltr'>est</span> <span class='ocrx_word' id='word_1_90' title='bbox 601 1541 686 1601; x_wconf 88' lang='lat' dir='ltr'>domi</span> <span class='ocrx_word' id='word_1_91' title='bbox 698 1540 813 1619; x_wconf 89' lang='lat' dir='ltr'>inopia,</span> <span class='ocrx_word' id='word_1_92' title='bbox 829 1541 907 1601; x_wconf 87' lang='lat' dir='ltr'>foris</span> <span class='ocrx_word' id='word_1_93' title='bbox 923 1560 974 1602; x_wconf 89' lang='lat' dir='ltr'>aes</span> <span class='ocrx_word' id='word_1_94' title='bbox 989 1541 1144 1618; x_wconf 84' lang='lat' dir='ltr'>alienum3</span> <span class='ocrx_word' id='word_1_95' title='bbox 1167 1543 1250 1604; x_wconf 89' lang='lat' dir='ltr'>mala</span> <span class='ocrx_word' id='word_1_96' title='bbox 1260 1561 1319 1620; x_wconf 88' lang='lat' dir='ltr'>res,</span> 
     </span>
     <span class='ocr_line' id='line_1_13' title="bbox 268 1645 1321 1727; baseline -0.004 -17"><span class='ocrx_word' id='word_1_97' title='bbox 268 1667 339 1727; x_wconf 88' lang='lat' dir='ltr'>spes</span> <span class='ocrx_word' id='word_1_98' title='bbox 355 1648 455 1708; x_wconf 91' lang='lat' dir='ltr'>multo</span> <span class='ocrx_word' id='word_1_99' title='bbox 472 1647 630 1724; x_wconf 76' lang='lat' dir='ltr'>asperior5</span> <span class='ocrx_word' id='word_1_100' title='bbox 653 1645 788 1723; x_wconf 90' lang='lat' dir='ltr'>denique</span> <span class='ocrx_word' id='word_1_101' title='bbox 806 1647 883 1724; x_wconf 88' lang='lat' dir='ltr'>quid</span> <span class='ocrx_word' id='word_1_102' title='bbox 896 1646 1011 1724; x_wconf 87' lang='lat' dir='ltr'>reliqui</span> <span class='ocrx_word' id='word_1_103' title='bbox 1032 1647 1183 1708; x_wconf 88' lang='lat' dir='ltr'>habemus</span> <span class='ocrx_word' id='word_1_104' title='bbox 1198 1654 1321 1726; x_wconf 86' lang='lat' dir='ltr'>praeter</span> 
     </span>
     <span class='ocr_line' id='line_1_14' title="bbox 267 1753 593 1814; baseline -0.012 0"><span class='ocrx_word' id='word_1_105' title='bbox 267 1755 414 1814; x_wconf 87' lang='lat' dir='ltr'>miseram</span> <span class='ocrx_word' id='word_1_106' title='bbox 428 1753 593 1812; x_wconf 87' lang='lat' dir='ltr'>animam?</span> 
     </span>
    </p>

    <p class='ocr_par' dir='ltr' id='par_1_6' title="bbox 309 1857 1320 1938">
     <span class='ocr_line' id='line_1_15' title="bbox 309 1857 1320 1938; baseline 0.002 -21"><span class='ocrx_word' id='word_1_107' title='bbox 309 1859 419 1930; x_wconf 79' lang='lat' dir='ltr'>“Quin</span> <span class='ocrx_word' id='word_1_108' title='bbox 440 1858 538 1935; x_wconf 86' lang='lat' dir='ltr'>igitur</span> <span class='ocrx_word' id='word_1_109' title='bbox 560 1857 834 1935; x_wconf 79' lang='lat' dir='ltr'>expergiscimini?</span> <span class='ocrx_word' id='word_1_110' title='bbox 875 1859 925 1917; x_wconf 86' lang='lat' dir='ltr'>En</span> <span class='ocrx_word' id='word_1_111' title='bbox 946 1857 1011 1933; x_wconf 88' lang='lat' dir='ltr'>illa,</span> <span class='ocrx_word' id='word_1_112' title='bbox 1035 1858 1093 1918; x_wconf 90' lang='lat' dir='ltr'>illa</span> <span class='ocrx_word' id='word_1_113' title='bbox 1112 1877 1207 1936; x_wconf 90' lang='lat' dir='ltr'>quam</span> <span class='ocrx_word' id='word_1_114' title='bbox 1229 1876 1320 1938; x_wconf 84' lang='lat' dir='ltr'>saepe</span> 
     </span>
    </p>

    <p class='ocr_par' dir='ltr' id='par_1_7' title="bbox 147 1960 1321 2042">
     <span class='ocr_line' id='line_1_16' title="bbox 147 1960 1321 2042; baseline -0.001 -17"><span class='ocrx_word' id='word_1_115' title='bbox 147 2007 150 2011; x_wconf 89' lang='lat'><em>-</em></span> <span class='ocrx_word' id='word_1_116' title='bbox 220 1981 248 2025; x_wconf 77' lang='lat'>15</span> <span class='ocrx_word' id='word_1_117' title='bbox 268 1964 401 2042; x_wconf 87' lang='lat' dir='ltr'>optastis</span> <span class='ocrx_word' id='word_1_118' title='bbox 424 1963 563 2037; x_wconf 87' lang='lat' dir='ltr'>libertas,</span> <span class='ocrx_word' id='word_1_119' title='bbox 585 1969 745 2040; x_wconf 87' lang='lat' dir='ltr'>praeterea</span> <span class='ocrx_word' id='word_1_120' title='bbox 766 1962 906 2038; x_wconf 87' lang='lat' dir='ltr'>divitiae,</span> <span class='ocrx_word' id='word_1_121' title='bbox 926 1963 1030 2039; x_wconf 83' lang='lat' dir='ltr'>decus,</span> <span class='ocrx_word' id='word_1_122' title='bbox 1049 1960 1150 2039; x_wconf 84' lang='lat' dir='ltr'>gloria</span> <span class='ocrx_word' id='word_1_123' title='bbox 1170 1963 1205 2022; x_wconf 91' lang='lat' dir='ltr'>in</span> <span class='ocrx_word' id='word_1_124' title='bbox 1222 1963 1321 2024; x_wconf 87' lang='lat' dir='ltr'>oculis</span> 
     </span>
    </p>

    <p class='ocr_par' dir='ltr' id='par_1_8' title="bbox 268 2067 1320 2147">
     <span class='ocr_line' id='line_1_17' title="bbox 268 2067 1320 2147; baseline -0.001 -18"><span class='ocrx_word' id='word_1_125' title='bbox 268 2069 330 2130; x_wconf 86' lang='lat' dir='ltr'>sita</span> <span class='ocrx_word' id='word_1_126' title='bbox 345 2074 435 2144; x_wconf 86' lang='lat' dir='ltr'>suut;</span> <span class='ocrx_word' id='word_1_127' title='bbox 458 2069 586 2128; x_wconf 86' lang='lat' dir='ltr'>fortuna</span> <span class='ocrx_word' id='word_1_128' title='bbox 595 2067 700 2126; x_wconf 86' lang='lat' dir='ltr'>omnia</span> <span class='ocrx_word' id='word_1_129' title='bbox 714 2086 750 2127; x_wconf 91' lang='lat' dir='ltr'>ea</span> <span class='ocrx_word' id='word_1_130' title='bbox 761 2067 933 2128; x_wconf 85' lang='lat' dir='ltr'>victoribus</span> <span class='ocrx_word' id='word_1_131' title='bbox 948 2069 1087 2146; x_wconf 85' lang='lat' dir='ltr'>praemia</span> <span class='ocrx_word' id='word_1_132' title='bbox 1097 2069 1211 2147; x_wconf 77' lang='lat' dir='ltr'>posuit.</span> <span class='ocrx_word' id='word_1_133' title='bbox 1246 2069 1320 2144; x_wconf 86' lang='lat' dir='ltr'>Res,</span> 
     </span>
    </p>
   </div>
   <div class='ocr_carea' id='block_1_5' title="bbox 219 2172 1322 2761">
    <p class='ocr_par' dir='ltr' id='par_1_9' title="bbox 268 2172 1322 2462">
     <span class='ocr_line' id='line_1_18' title="bbox 268 2172 1322 2253; baseline -0.001 -19"><span class='ocrx_word' id='word_1_134' title='bbox 268 2180 402 2253; x_wconf 75' lang='lat' dir='ltr'>tempuS,</span> <span class='ocrx_word' id='word_1_135' title='bbox 418 2173 566 2252; x_wconf 87' lang='lat' dir='ltr'>pericula,</span> <span class='ocrx_word' id='word_1_136' title='bbox 582 2180 713 2248; x_wconf 84' lang='lat' dir='ltr'>egestas,</span> <span class='ocrx_word' id='word_1_137' title='bbox 725 2172 801 2232; x_wconf 89' lang='lat' dir='ltr'>belli</span> <span class='ocrx_word' id='word_1_138' title='bbox 818 2172 920 2250; x_wconf 89' lang='lat' dir='ltr'>spolia</span> <span class='ocrx_word' id='word_1_139' title='bbox 933 2173 1099 2250; x_wconf 87' lang='lat' dir='ltr'>magnifica</span> <span class='ocrx_word' id='word_1_140' title='bbox 1112 2174 1212 2250; x_wconf 86' lang='lat' dir='ltr'>magis</span> <span class='ocrx_word' id='word_1_141' title='bbox 1227 2192 1322 2251; x_wconf 89' lang='lat' dir='ltr'>quam</span> 
     </span>
     <span class='ocr_line' id='line_1_19' title="bbox 268 2278 1322 2357; baseline -0.001 -18"><span class='ocrx_word' id='word_1_142' title='bbox 268 2279 369 2339; x_wconf 88' lang='lat' dir='ltr'>oratio</span> <span class='ocrx_word' id='word_1_143' title='bbox 395 2297 463 2339; x_wconf 87' lang='lat' dir='ltr'>mea</span> <span class='ocrx_word' id='word_1_144' title='bbox 484 2297 539 2339; x_wconf 85' lang='lat' dir='ltr'>vos</span> <span class='ocrx_word' id='word_1_145' title='bbox 562 2278 736 2356; x_wconf 82' lang='lat' dir='ltr'>hortantur.</span> <span class='ocrx_word' id='word_1_146' title='bbox 783 2278 842 2339; x_wconf 87' lang='lat' dir='ltr'>Vel</span> <span class='ocrx_word' id='word_1_147' title='bbox 866 2279 1053 2357; x_wconf 89' lang='lat' dir='ltr'>imperatore</span> <span class='ocrx_word' id='word_1_148' title='bbox 1074 2278 1124 2338; x_wconf 86' lang='lat' dir='ltr'>vel</span> <span class='ocrx_word' id='word_1_149' title='bbox 1149 2278 1249 2339; x_wconf 89' lang='lat' dir='ltr'>milite</span> <span class='ocrx_word' id='word_1_150' title='bbox 1271 2297 1322 2338; x_wconf 89' lang='lat' dir='ltr'>me</span> 
     </span>
     <span class='ocr_line' id='line_1_20' title="bbox 268 2383 1322 2462; baseline 0 -18"><span class='ocrx_word' id='word_1_151' title='bbox 268 2385 411 2460; x_wconf 88' lang='lat' dir='ltr'>utimini;</span> <span class='ocrx_word' id='word_1_152' title='bbox 433 2402 534 2461; x_wconf 88' lang='lat' dir='ltr'>neque</span> <span class='ocrx_word' id='word_1_153' title='bbox 551 2383 675 2444; x_wconf 90' lang='lat' dir='ltr'>animus</span> <span class='ocrx_word' id='word_1_154' title='bbox 696 2401 796 2461; x_wconf 90' lang='lat' dir='ltr'>neque</span> <span class='ocrx_word' id='word_1_155' title='bbox 812 2402 923 2462; x_wconf 89' lang='lat' dir='ltr'>corpus</span> <span class='ocrx_word' id='word_1_156' title='bbox 937 2403 957 2444; x_wconf 91' lang='lat' dir='ltr'>a</span> <span class='ocrx_word' id='word_1_157' title='bbox 973 2383 1062 2444; x_wconf 87' lang='lat' dir='ltr'>vobis</span> <span class='ocrx_word' id='word_1_158' title='bbox 1082 2383 1191 2445; x_wconf 90' lang='lat' dir='ltr'>aberit.</span> <span class='ocrx_word' id='word_1_159' title='bbox 1234 2384 1322 2444; x_wconf 89' lang='lat' dir='ltr'>Haeo</span> 
     </span>
    </p>

    <p class='ocr_par' dir='ltr' id='par_1_10' title="bbox 219 2489 1322 2761">
     <span class='ocr_line' id='line_1_21' title="bbox 219 2489 1322 2568; baseline 0.001 -20"><span class='ocrx_word' id='word_1_160' title='bbox 219 2503 250 2548; x_wconf 80' lang='lat' dir='ltr'>ao</span> <span class='ocrx_word' id='word_1_161' title='bbox 268 2490 347 2568; x_wconf 87' lang='lat' dir='ltr'>ipsa,</span> <span class='ocrx_word' id='word_1_162' title='bbox 371 2495 407 2548; x_wconf 94' lang='lat' dir='ltr'>ut</span> <span class='ocrx_word' id='word_1_163' title='bbox 430 2507 530 2567; x_wconf 85' lang='lat' dir='ltr'>spem,</span> <span class='ocrx_word' id='word_1_164' title='bbox 553 2489 713 2549; x_wconf 91' lang='lat' dir='ltr'>vobiscum</span> <span class='ocrx_word' id='word_1_165' title='bbox 738 2507 801 2547; x_wconf 86' lang='lat' dir='ltr'>una</span> <span class='ocrx_word' id='word_1_166' title='bbox 823 2489 931 2549; x_wconf 89' lang='lat' dir='ltr'>consul</span> <span class='ocrx_word' id='word_1_167' title='bbox 955 2508 1053 2566; x_wconf 84' lang='lat' dir='ltr'>agam,</span> <span class='ocrx_word' id='word_1_168' title='bbox 1078 2489 1142 2550; x_wconf 88' lang='lat' dir='ltr'>nisi</span> <span class='ocrx_word' id='word_1_169' title='bbox 1166 2489 1248 2550; x_wconf 84' lang='lat' dir='ltr'>forte</span> <span class='ocrx_word' id='word_1_170' title='bbox 1272 2508 1322 2549; x_wconf 90' lang='lat' dir='ltr'>me</span> 
     </span>
     <span class='ocr_line' id='line_1_22' title="bbox 269 2593 1322 2673; baseline -0.003 -17"><span class='ocrx_word' id='word_1_171' title='bbox 269 2595 393 2656; x_wconf 87' lang='lat' dir='ltr'>animus</span> <span class='ocrx_word' id='word_1_172' title='bbox 414 2594 501 2654; x_wconf 85' lang='lat' dir='ltr'>fallit</span> <span class='ocrx_word' id='word_1_173' title='bbox 524 2600 556 2654; x_wconf 88' lang='lat' dir='ltr'>et</span> <span class='ocrx_word' id='word_1_174' title='bbox 579 2613 634 2654; x_wconf 87' lang='lat' dir='ltr'>vos</span> <span class='ocrx_word' id='word_1_175' title='bbox 655 2594 773 2654; x_wconf 86' lang='lat' dir='ltr'>servire</span> <span class='ocrx_word' id='word_1_176' title='bbox 797 2594 897 2670; x_wconf 87' lang='lat' dir='ltr'>magis</span> <span class='ocrx_word' id='word_1_177' title='bbox 921 2614 1014 2672; x_wconf 92' lang='lat' dir='ltr'>quam</span> <span class='ocrx_word' id='word_1_178' title='bbox 1042 2595 1195 2673; x_wconf 87' lang='lat' dir='ltr'>imperare</span> <span class='ocrx_word' id='word_1_179' title='bbox 1219 2593 1322 2673; x_wconf 86' lang='lat' dir='ltr'>parati</span> 
     </span>
     <span class='ocr_line' id='line_1_23' title="bbox 269 2701 375 2761; baseline -0.009 0"><span class='ocrx_word' id='word_1_180' title='bbox 269 2701 375 2761; x_wconf 86' lang='lat' dir='ltr'>estis.&#39;&#39;</span> 
     </span>
    </p>
   </div>
   <div class='ocr_carea' id='block_1_6' title="bbox 490 2873 1099 2940">
    <p class='ocr_par' dir='ltr' id='par_1_11' title="bbox 490 2873 1099 2940">
     <span class='ocr_line' id='line_1_24' title="bbox 490 2873 1099 2940; baseline 0.003 -18"><span class='ocrx_word' id='word_1_181' title='bbox 490 2873 544 2922; x_wconf 81' lang='lat' dir='ltr'>His</span> <span class='ocrx_word' id='word_1_182' title='bbox 550 2875 635 2935; x_wconf 78' lang='lat' dir='ltr'>ploce</span> <span class='ocrx_word' id='word_1_183' title='bbox 647 2873 702 2924; x_wconf 82' lang='lat' dir='ltr'>aad</span> <span class='ocrx_word' id='word_1_184' title='bbox 709 2874 842 2936; x_wconf 80' lang='lat' dir='ltr'>promisca</span> <span class='ocrx_word' id='word_1_185' title='bbox 848 2887 859 2940; x_wconf 79' lang='lat'>,¹</span> <span class='ocrx_word' id='word_1_186' title='bbox 876 2874 920 2924; x_wconf 76' lang='lat' dir='ltr'>tlte</span> <span class='ocrx_word' id='word_1_187' title='bbox 931 2875 1015 2936; x_wconf 69' lang='lat' dir='ltr'>ausari</span> <span class='ocrx_word' id='word_1_188' title='bbox 1027 2873 1099 2925; x_wconf 76' lang='lat' dir='ltr'>cath.</span> 
     </span>
    </p>
   </div>
   <div class='ocr_carea' id='block_1_7' title="bbox 219 3004 1325 3827">
    <p class='ocr_par' dir='ltr' id='par_1_12' title="bbox 269 3004 1324 3188">
     <span class='ocr_line' id='line_1_25' title="bbox 309 3004 1324 3084; baseline -0.002 -17"><span class='ocrx_word' id='word_1_189' title='bbox 309 3008 479 3084; x_wconf 89' lang='lat' dir='ltr'>Postquam</span> <span class='ocrx_word' id='word_1_190' title='bbox 493 3023 638 3082; x_wconf 85' lang='lat' dir='ltr'>accepere</span> <span class='ocrx_word' id='word_1_191' title='bbox 652 3023 689 3065; x_wconf 91' lang='lat' dir='ltr'>ea</span> <span class='ocrx_word' id='word_1_192' title='bbox 703 3004 846 3065; x_wconf 91' lang='lat' dir='ltr'>homiues</span> <span class='ocrx_word' id='word_1_193' title='bbox 858 3005 971 3083; x_wconf 92' lang='lat' dir='ltr'>quibus</span> <span class='ocrx_word' id='word_1_194' title='bbox 983 3006 1066 3066; x_wconf 86' lang='lat' dir='ltr'>mala</span> <span class='ocrx_word' id='word_1_195' title='bbox 1079 3005 1203 3066; x_wconf 89' lang='lat' dir='ltr'>abunde</span> <span class='ocrx_word' id='word_1_196' title='bbox 1218 3004 1324 3066; x_wconf 91' lang='lat' dir='ltr'>omnia</span> 
     </span>
     <span class='ocr_line' id='line_1_26' title="bbox 269 3109 1324 3188; baseline -0.001 -16"><span class='ocrx_word' id='word_1_197' title='bbox 269 3118 367 3187; x_wconf 89' lang='lat' dir='ltr'>erant,</span> <span class='ocrx_word' id='word_1_198' title='bbox 381 3112 435 3172; x_wconf 91' lang='lat' dir='ltr'>sed</span> <span class='ocrx_word' id='word_1_199' title='bbox 450 3129 550 3188; x_wconf 90' lang='lat' dir='ltr'>neque</span> <span class='ocrx_word' id='word_1_200' title='bbox 564 3129 613 3170; x_wconf 87' lang='lat' dir='ltr'>res</span> <span class='ocrx_word' id='word_1_201' title='bbox 625 3128 726 3187; x_wconf 89' lang='lat' dir='ltr'>neque</span> <span class='ocrx_word' id='word_1_202' title='bbox 738 3129 808 3188; x_wconf 88' lang='lat' dir='ltr'>spes</span> <span class='ocrx_word' id='word_1_203' title='bbox 820 3109 901 3170; x_wconf 88' lang='lat' dir='ltr'>bona</span> <span class='ocrx_word' id='word_1_204' title='bbox 913 3110 987 3185; x_wconf 90' lang='lat' dir='ltr'>ulla,</span> <span class='ocrx_word' id='word_1_205' title='bbox 1000 3110 1128 3170; x_wconf 88' lang='lat' dir='ltr'>tametsi</span> <span class='ocrx_word' id='word_1_206' title='bbox 1138 3109 1204 3171; x_wconf 91' lang='lat' dir='ltr'>illis</span> <span class='ocrx_word' id='word_1_207' title='bbox 1215 3110 1324 3188; x_wconf 86' lang='lat' dir='ltr'>quieta</span> 
     </span>
    </p>

    <p class='ocr_par' dir='ltr' id='par_1_13' title="bbox 219 3217 1325 3827">
     <span class='ocr_line' id='line_1_27' title="bbox 219 3217 1323 3298; baseline -0.004 -16"><span class='ocrx_word' id='word_1_208' title='bbox 219 3237 248 3282; x_wconf 80' lang='lat' dir='ltr'>ao</span> <span class='ocrx_word' id='word_1_209' title='bbox 269 3236 393 3278; x_wconf 89' lang='lat' dir='ltr'>movere</span> <span class='ocrx_word' id='word_1_210' title='bbox 408 3236 521 3295; x_wconf 85' lang='lat' dir='ltr'>magna</span> <span class='ocrx_word' id='word_1_211' title='bbox 535 3237 652 3280; x_wconf 89' lang='lat' dir='ltr'>merces</span> <span class='ocrx_word' id='word_1_212' title='bbox 667 3220 841 3296; x_wconf 86' lang='lat' dir='ltr'>videbatur,</span> <span class='ocrx_word' id='word_1_213' title='bbox 853 3227 958 3281; x_wconf 88' lang='lat' dir='ltr'>tamen</span> <span class='ocrx_word' id='word_1_214' title='bbox 969 3219 1166 3298; x_wconf 88' lang='lat' dir='ltr'>postulavere</span> <span class='ocrx_word' id='word_1_215' title='bbox 1181 3217 1323 3296; x_wconf 88' lang='lat' dir='ltr'>plerique</span> 
     </span>
     <span class='ocr_line' id='line_1_28' title="bbox 268 3323 1323 3404; baseline 0.002 -22"><span class='ocrx_word' id='word_1_216' title='bbox 268 3327 305 3382; x_wconf 92' lang='lat' dir='ltr'>ut</span> <span class='ocrx_word' id='word_1_217' title='bbox 318 3328 505 3399; x_wconf 88' lang='lat' dir='ltr'>proponeret</span> <span class='ocrx_word' id='word_1_218' title='bbox 519 3343 598 3400; x_wconf 87' lang='lat' dir='ltr'>quae</span> <span class='ocrx_word' id='word_1_219' title='bbox 614 3325 754 3385; x_wconf 87' lang='lat' dir='ltr'>condicio</span> <span class='ocrx_word' id='word_1_220' title='bbox 775 3326 850 3386; x_wconf 92' lang='lat' dir='ltr'>belli</span> <span class='ocrx_word' id='word_1_221' title='bbox 868 3327 959 3401; x_wconf 88' lang='lat' dir='ltr'>foret,</span> <span class='ocrx_word' id='word_1_222' title='bbox 978 3343 1057 3404; x_wconf 86' lang='lat' dir='ltr'>quae</span> <span class='ocrx_word' id='word_1_223' title='bbox 1074 3323 1214 3403; x_wconf 87' lang='lat' dir='ltr'>praemia</span> <span class='ocrx_word' id='word_1_224' title='bbox 1228 3324 1323 3384; x_wconf 90' lang='lat' dir='ltr'>armis</span> 
     </span>
     <span class='ocr_line' id='line_1_29' title="bbox 268 3428 1324 3511; baseline 0.005 -25"><span class='ocrx_word' id='word_1_225' title='bbox 268 3432 421 3505; x_wconf 86' lang='lat' dir='ltr'>peterent,</span> <span class='ocrx_word' id='word_1_226' title='bbox 435 3428 511 3505; x_wconf 92' lang='lat' dir='ltr'>quid</span> <span class='ocrx_word' id='word_1_227' title='bbox 527 3430 642 3508; x_wconf 88' lang='lat' dir='ltr'>ubique</span> <span class='ocrx_word' id='word_1_228' title='bbox 657 3431 725 3509; x_wconf 91' lang='lat' dir='ltr'>opis</span> <span class='ocrx_word' id='word_1_229' title='bbox 741 3439 796 3492; x_wconf 90' lang='lat' dir='ltr'>aut</span> <span class='ocrx_word' id='word_1_230' title='bbox 811 3433 878 3511; x_wconf 89' lang='lat' dir='ltr'>spei</span> <span class='ocrx_word' id='word_1_231' title='bbox 889 3433 1048 3492; x_wconf 90' lang='lat' dir='ltr'>haberent.</span> <span class='ocrx_word' id='word_1_232' title='bbox 1092 3432 1173 3489; x_wconf 82' lang='lat' dir='ltr'>Tum</span> <span class='ocrx_word' id='word_1_233' title='bbox 1186 3430 1324 3492; x_wconf 80' lang='lat' dir='ltr'>Catilina</span> 
     </span>
     <span class='ocr_line' id='line_1_30' title="bbox 268 3533 1325 3618; baseline 0.008 -27"><span class='ocrx_word' id='word_1_234' title='bbox 268 3533 412 3610; x_wconf 90' lang='lat' dir='ltr'>polliceri</span> <span class='ocrx_word' id='word_1_235' title='bbox 432 3534 556 3595; x_wconf 88' lang='lat' dir='ltr'>tabulas</span> <span class='ocrx_word' id='word_1_236' title='bbox 578 3555 684 3610; x_wconf 87' lang='lat' dir='ltr'>novas,</span> <span class='ocrx_word' id='word_1_237' title='bbox 700 3539 961 3616; x_wconf 85' lang='lat' dir='ltr'>proscriptionem</span> <span class='ocrx_word' id='word_1_238' title='bbox 982 3540 1196 3618; x_wconf 90' lang='lat' dir='ltr'>locupletium,</span> <span class='ocrx_word' id='word_1_239' title='bbox 1212 3537 1325 3615; x_wconf 87' lang='lat' dir='ltr'>magis-</span> 
     </span>
     <span class='ocr_line' id='line_1_31' title="bbox 268 3640 1325 3722; baseline 0.006 -25"><span class='ocrx_word' id='word_1_240' title='bbox 268 3643 379 3715; x_wconf 86' lang='lat' dir='ltr'>tratus,</span> <span class='ocrx_word' id='word_1_241' title='bbox 402 3640 584 3716; x_wconf 89' lang='lat' dir='ltr'>sacerdotia,</span> <span class='ocrx_word' id='word_1_242' title='bbox 606 3642 742 3719; x_wconf 87' lang='lat' dir='ltr'>rapinas,</span> <span class='ocrx_word' id='word_1_243' title='bbox 764 3643 828 3703; x_wconf 89' lang='lat' dir='ltr'>alia</span> <span class='ocrx_word' id='word_1_244' title='bbox 848 3645 961 3719; x_wconf 90' lang='lat' dir='ltr'>omnia,</span> <span class='ocrx_word' id='word_1_245' title='bbox 984 3663 1063 3722; x_wconf 89' lang='lat' dir='ltr'>quae</span> <span class='ocrx_word' id='word_1_246' title='bbox 1087 3644 1205 3705; x_wconf 89' lang='lat' dir='ltr'>bellum</span> <span class='ocrx_word' id='word_1_247' title='bbox 1229 3650 1325 3721; x_wconf 91' lang='lat' dir='ltr'>atque</span> 
     </span>
     <span class='ocr_line' id='line_1_32' title="bbox 219 3742 1325 3827; baseline 0.002 -20"><span class='ocrx_word' id='word_1_248' title='bbox 219 3761 248 3807; x_wconf 81' lang='lat' dir='ltr'>ao</span> <span class='ocrx_word' id='word_1_249' title='bbox 269 3742 377 3804; x_wconf 89' lang='lat' dir='ltr'>lubido</span> <span class='ocrx_word' id='word_1_250' title='bbox 398 3745 552 3806; x_wconf 85' lang='lat' dir='ltr'>victorum</span> <span class='ocrx_word' id='word_1_251' title='bbox 575 3747 649 3806; x_wconf 85' lang='lat' dir='ltr'>fert.</span> <span class='ocrx_word' id='word_1_252' title='bbox 690 3749 857 3809; x_wconf 83' lang='lat' dir='ltr'>Praeterea</span> <span class='ocrx_word' id='word_1_253' title='bbox 871 3767 937 3809; x_wconf 90' lang='lat' dir='ltr'>esse</span> <span class='ocrx_word' id='word_1_254' title='bbox 952 3749 985 3808; x_wconf 90' lang='lat' dir='ltr'>in</span> <span class='ocrx_word' id='word_1_255' title='bbox 1001 3749 1159 3827; x_wconf 87' lang='lat' dir='ltr'>Hispania</span> <span class='ocrx_word' id='word_1_256' title='bbox 1179 3747 1325 3809; x_wconf 87' lang='lat' dir='ltr'>citeriore</span> 
     </span>
    </p>
   </div>
   <div class='ocr_carea' id='block_1_8' title="bbox 0 0 1526 4278">
    <p class='ocr_par' dir='ltr' id='par_1_14' title="bbox 0 0 1526 4278">
     <span class='ocr_line' id='line_1_33' title="bbox 0 0 1526 4278; baseline 0 0"><span class='ocrx_word' id='word_1_257' title='bbox 0 0 1526 4278; x_wconf 95' lang='lat' dir='ltr'> </span> 
     </span>
    </p>
   </div>
  </div>
 </body>
</html>
