3058 4284
258 279 325 348 146
585 291 710 346 LATIN
735 290 985 347 §ELECTIONS

257 461 341 521 ditae
357 466 430 521 sunt
445 479 471 520 a.
487 460 517 520 d.
532 479 582 520 vn
598 461 639 519 K.
655 460 770 538 quibus
788 459 850 520 ianr
873 464 881 496 ‘
890 460 980 538 opes'
1002 478 1096 537 meas,
1118 480 1182 521 non
1202 468 1239 522 ut
1260 483 1309 524 su-

256 565 430 645 perioribus
445 565 561 626 litteris
577 570 586 602 ‘
595 566 703 644 opem'
719 570 888 644 exspectat.
932 565 1011 626 Cum
1026 565 1092 626 eius
1108 565 1304 628 clementiam

257 671 482 734 Corfiniensem
504 670 592 731 illam
622 689 676 748 per
704 670 827 732 litteras
855 669 1117 733 collaudavissem
1146 673 1308 752 rescripsit

256 778 315 838 hoc
330 777 489 855 exemplo:

222 954 237 1000 5
437 938 581 992 ‘CAESAR
601 950 672 991 IMP.
695 950 851 992 CICERONI
873 950 943 990 IMP.
968 950 1036 992 SAL.
1060 953 1125 994 mc.

296 1090 394 1150 Recte
408 1088 571 1164 auguraris
586 1088 625 1148 de
638 1106 688 1147 me
705 1087 796 1166 (bene
810 1087 894 1148 enim
908 1088 969 1149 tibi
991 1089 1135 1165 cognitus
1158 1093 1240 1172 sum)
1263 1091 1309 1150 ni-

256 1193 303 1254 hil
318 1213 337 1254 a
351 1213 400 1254 me
411 1195 519 1255 abesse
532 1192 657 1269 longius
672 1193 866 1253 crudelitate.
908 1192 1016 1272 Atque
1031 1212 1088 1271 ego
1103 1213 1173 1255 oum
1188 1214 1226 1254 ex
1238 1197 1308 1274 ipsa
1370 1273 1379 1276 -

256 1319 288 1360 re
303 1319 448 1376 magnam
462 1299 552 1377 capio
567 1299 762 1377 voluptatem
778 1306 846 1360 tum
861 1317 965 1360 meum
978 1300 1095 1361 factum
1112 1301 1237 1380 probari
1252 1303 1307 1362 abs

214 1433 216 1442 Α
255 1411 287 1465 te
302 1405 462 1483 triumpho
477 1405 599 1482 gaudio.
641 1406 753 1483 Neque
768 1404 849 1466 illud
866 1425 916 1466 me
937 1412 1042 1466 movet
1063 1407 1147 1485 quod
1168 1407 1192 1466 ii
1213 1407 1308 1484 quia

208 1525 236 1570 10
256 1529 305 1570 me
320 1511 443 1572 dimissi
459 1516 533 1570 sunt
546 1510 727 1571 discessisse
742 1511 890 1571 dicuntur
904 1517 940 1571 ut
961 1511 1039 1571 mihi
1060 1531 1167 1572 rursus
1188 1512 1308 1572 bellum

255 1616 419 1675 inferrent.
461 1615 553 1676 Nihil
568 1616 652 1676 enim
667 1615 749 1676 malo
764 1635 858 1694 quam
873 1622 905 1676 et
926 1634 976 1675 me
998 1615 1060 1676 mei
1082 1616 1216 1678 similem
1240 1635 1307 1678 esse

256 1727 288 1781 et
307 1720 379 1782 illos
398 1720 455 1782 sui.
497 1722 547 1780 Tu
567 1721 662 1781 velim
684 1721 764 1781 mihi
785 1721 825 1781 ad
845 1723 952 1782 urbem
975 1727 1100 1800 praesto
1122 1721 1165 1784 sis
1186 1729 1222 1782 ut
1242 1722 1307 1782 tuis

256 1826 396 1888 consiliis
412 1832 506 1905 atque
522 1827 642 1905 opibus,
658 1833 695 1887 ut
709 1827 867 1903 consuevi,
890 1827 922 1886 in
945 1827 1090 1887 omnibus
1112 1828 1204 1888 rebus
1226 1833 1305 1887 utar.

256 1930 422 1992 Dolabella
434 1937 489 1991 tuo
503 1931 584 1990 nihil
607 1931 686 1992 scito
706 1931 785 1991 inihi
806 1950 874 1992 esse
897 1931 1073 1991 iucundius.
1116 1933 1209 1992 Hanc
1230 1933 1308 1992 adeo

209 2053 237 2098 15
257 2036 377 2097 habebo
391 2036 523 2112 gratiam
539 2035 604 2112 illi;
620 2036 815 2114 nequeenim
826 2036 919 2096 aliter
930 2037 1168 2115 facerepoterit.
1205 2039 1308 2097 Tanta

255 2141 324 2202 eius
338 2141 527 2216 humanitas,
542 2141 570 2201 is
585 2159 704 2216 sensus,
719 2159 757 2201 ea
770 2141 804 2201 in
819 2159 868 2201 me
883 2146 932 2228 est
948 2140 1185 2202 benevolentia’

763 2429 803 2491 28

360 2591 432 2655 Scr.
451 2591 493 2653 in
511 2591 676 2654 Cumano
700 2591 730 2653 V
743 2590 834 2652 Non.
853 2590 944 2652 Mae.
963 2611 995 2654 a.
1017 2589 1093 2657 705
1113 2589 1202 2668 (49).

604 2813 607 2820 ,
636 2736 729 2792 cicero
747 2735 923 2792 Attico’sal.

221 2917 222 2920 κ
296 2875 463 2936 Adventus
485 2873 651 2934 Philotimi
667 2872 720 2957 (at
740 2873 828 2933 cuius
850 2872 994 2948 hominis,
1018 2892 1111 2951 quam
1140 2873 1254 2934 insulsi
1278 2880 1311 2936 et

257 3001 351 3060 quam
376 2999 468 3058 saepe
490 2998 548 3058 pro
570 2978 720 3056 Pompeio
744 2977 926 3041 mentientis
936 2979 957 3059 l)
985 2979 1178 3038 exanimavit
1202 2998 1309 3040 omnes

257 3087 312 3164 qui
332 3104 450 3145 mecum
474 3090 580 3159 erant,
602 3103 675 3143 nam
697 3083 764 3161 ipse
786 3082 928 3143 obdurui.
971 3082 1147 3144 Dubitabat
1167 3089 1310 3144 nostrum

209 3209 238 3254 ao
257 3211 348 3253 nemo
376 3190 454 3269 quin
480 3191 595 3250 Caesar
627 3188 742 3248 itinera
776 3188 1141 3267 repressisset—volare
1177 3189 1310 3266 dicitur3

257 3298 401 3358 Petreius
424 3316 494 3356 cum
518 3296 652 3356 Afranio
674 3295 890 3355 coniunxisset
913 3293 1084 3354 sc—nihil
1110 3295 1215 3353 adfert
1242 3294 1311 3354 eius

258 3405 353 3466 modi.
397 3405 479 3475 Quid
502 3402 653 3482 quaeris?
696 3400 793 3461 etiarn
814 3400 895 3460 illud
916 3406 983 3460 erat
1005 3419 1199 3478 persuasum,
1221 3400 1312 3459 Pom-

258 3509 364 3589 peium
393 3528 463 3569 cum
486 3506 608 3584 magnis
630 3506 730 3584 copiis
755 3506 815 3566 iter
839 3506 873 3565 in
893 3505 1029 3567 Galliam
1059 3523 1114 3583 per
1144 3503 1311 3584 Illyricum

259 3617 388 3690 fecisse;
417 3614 451 3674 id
472 3613 554 3674 enim
579 3613 742 3674 αὕθεντικῶς
772 3610 986 3671 nuntiabatur.
1029 3610 1172 3670 Melitam
1201 3609 1311 3704 igitur,

210 3740 239 3786 25
258 3721 377 3803 opinor,
392 3737 599 3802 capessamus,
615 3717 690 3776 dum
710 3716 787 3800 quid
807 3715 841 3780 iu
863 3715 1029 3800 Hispania
1072 3715 1161 3792 Quod
1183 3713 1311 3797 quidem
