3038 4278
585 318 711 376 LATIN
735 318 984 376 snmcrloNs

562 565 615 616 Ite
628 571 735 628 capture
747 566 780 628 os
788 565 854 617 Now
869 565 1011 630 Centone.

304 697 375 758 Hae
394 696 535 758 oratione
556 696 695 758 accensis
718 696 855 758 militum
877 697 1001 774 animis,
1016 697 1128 759 relicto
1143 698 1184 760 ad
1203 699 1317 777 praesi-

263 802 351 862 dium
373 801 509 878 regionis
530 802 597 862 eius
620 803 662 862 M.
681 802 788 863 Silano
808 821 878 862 cum
899 803 1002 865 tribus
1023 803 1152 865 milibus
1173 803 1316 882 peditum

263 913 295 968 et
315 907 463 967 trecentis
484 907 653 985 equitibus,
667 916 787 968 ceteras
808 927 916 968 omnes
936 908 1189 986 copias-erant
1210 915 1317 970 autem

262 1011 379 1089 viginti
393 1011 532 1091 quinque
547 1011 636 1072 milia
652 1011 805 1090 peditum,
819 1013 882 1072 duo
900 1013 990 1074 milia
1007 1012 1174 1091 quingenti
1193 1013 1316 1091 equites

228 1134 243 1178 o
262 1117 461 1177 -Hiberum
474 1116 606 1176 traiecit.
637 1116 687 1177 Ibi
698 1117 886 1195 quibusdam
896 1118 1101 1178 suadentibus
1112 1125 1157 1193 ut,
1167 1119 1316 1197 quoniam

262 1223 296 1281 in
310 1222 449 1283 tristam
464 1221 605 1282 diversas
622 1222 764 1300 regiones
782 1222 1002 1286 discessissent
1016 1223 1130 1284 Punici
1149 1224 1315 1300 exercitus,

263 1326 438 1404 proximum
454 1326 685 1402 adgrederetur,
700 1327 872 1406 periculum
888 1347 957 1388 esse
970 1334 1058 1388 ratus
1072 1347 1112 1389 ne
1128 1347 1165 1388 eo
1180 1328 1265 1388 facto
1281 1329 1316 1388 in

261 1450 358 1491 unum
374 1450 481 1492 omnes
496 1432 694 1492 contraheret
707 1451 764 1492 nec
778 1451 835 1511 par
849 1439 933 1494 esset
949 1453 1030 1494 unus
1048 1438 1096 1494 tot
1115 1433 1315 1508 exercitibus,

262 1537 484 1614 Carthaginem
499 1538 531 1597 N
532 1556 622 1597 ovam
638 1537 765 1597 interim
782 1556 963 1616 oppugnare
980 1538 1103 1613 statuit,
1118 1538 1225 1599 urbem
1243 1557 1316 1598 cum

214 1658 244 1704 ro
262 1641 363 1720 ipsam
392 1642 574 1720 opulentam
601 1641 667 1702 suis
692 1642 812 1720 opibus,
838 1648 906 1702 tum
931 1643 1067 1704 hostium
1094 1643 1179 1704 omni
1202 1641 1316 1704 bellico

262 1753 414 1824 apparatu
426 1747 550 1824 plenam
559 1747 653 1806 -ibi
664 1765 758 1822 arma,
772 1747 816 1808 ibi
823 1747 965 1826 pecunia,
977 1748 1021 1808 ibi
1031 1747 1129 1808 totius
1139 1748 1316 1826 Hispaniae

261 1851 385 1913 obsides
401 1858 546 1926 erant-‚
556 1834 648 1912 sitam
665 1858 826 1930 praeterea
840 1872 910 1913 cum
925 1860 1099 1931 opportune
1117 1853 1157 1913 ad
1171 1852 1317 1914 traicien-

262 1957 336 2017 dum
351 1957 385 2016 in
399 1957 551 2032 Africam,
562 1962 629 2017 tum
646 1976 740 2035 super
751 1964 876 2035 portum
888 1959 966 2018 satis
977 1957 1116 2035 amplum
1128 1957 1315 2035 quantaevis

261 2061 356 2122 classi
376 2068 409 2122 et
429 2062 534 2122 nescio
555 2080 595 2122 an
617 2082 713 2122 unum
735 2062 768 2122 in
789 2063 965 2140 Hispaniae
984 2081 1038 2123 ora
1056 2081 1120 2140 qua
1138 2068 1245 2122 nostro
1263 2063 1316 2122 ad·
1380 2120 1384 2129 ,

214 2181 242 2227 15
260 2169 342 2228 iacet
363 2168 451 2228 mari.
492 2169 594 2228 Nemo
618 2167 757 2228 omnium
782 2187 844 2246 quo
868 2167 966 2228 iretur
991 2167 1110 2228 sciebat
1133 2173 1257 2246 praeter
1278 2167 1315 2229 C.

261 2272 414 2332 Laelium.
473 2274 506 2333 Is
537 2272 637 2333 classe
669 2273 902 2334 circummissus
930 2273 976 2333 ite
1004 2272 1160 2334 moderari
1188 2291 1312 2332 cursum

260 2378 388 2438 navium
404 2377 508 2438 iussus
523 2383 591 2438 erat
605 2383 641 2437 ut
657 2378 763 2438 eodem
783 2384 923 2456 tempore
944 2377 1048 2456 Scipio
1066 2378 1106 2439 ab
1124 2383 1209 2438 terra
1230 2396 1315 2437 exer-

260 2483 359 2543 citum
380 2483 559 2543 ostenderet
580 2489 612 2542 et
631 2481 743 2543 classis
764 2488 890 2560 portum
914 2483 1055 2542 intraret
1100 2482 1240 2560 Septimo
1261 2482 1314 2542 die

260 2589 300 2648 ab
322 2588 442 2648 Hibero
467 2587 687 2664 Carthaginem
711 2595 839 2648 ventum
865 2594 914 2648 est
938 2588 1032 2648 simul
1053 2593 1138 2648 terra
1162 2588 1310 2665 marique.

211 2706 241 2751 20
261 2694 373 2754 Castra
397 2693 437 2754 ab
461 2693 587 2769 regione
610 2692 697 2753 urbis
722 2693 842 2771 quain
867 2692 1124 2770 septemtrionem
1149 2710 1240 2753 versa
1263 2698 1313 2754 est

260 2800 379 2877 posita3
402 2798 454 2858 his
468 2799 508 2858 ab
522 2804 739 2874 tergo-nam
755 2799 842 2859 frons
856 2787 970 2858 natura
982 2803 1054 2858 tuta
1070 2797 1311 2875 erat—duplex

260 2903 377 2965 vallum
400 2904 564 2964 obiectum.
606 2903 732 2962 Etenim
754 2903 817 2964 sita
836 2903 992 2981 Carthago
1010 2903 1056 2964 sic
1074 2909 1138 2964 est:
1161 2903 1249 2964 sinus
1263 2909 1312 2964 est

260 3009 354 3070 maris
376 3009 480 3069 media
500 3008 566 3068 fere
587 3007 762 3086 Hispaniae
783 3027 846 3084 ora,
862 3009 996 3069 maxime
1017 3007 1129 3068 Africo
1147 3014 1242 3068 rento
1261 3027 1312 3087 op-

258 3114 390 3193 positus,
406 3118 447 3175 ad
463 3117 524 3173 duo
542 3115 632 3174 milia
651 3118 683 3173 et
699 3113 889 3190 quingentos
903 3133 1014 3192 passus
1029 3113 1184 3174 introrsus
1198 3119 1310 3174 retrac

209 3233 238 3277 aa
258 3226 319 3296 tus,
335 3219 429 3297 paulo
443 3219 516 3298 plus
530 3221 609 3280 mille
620 3227 648 3278 et
658 3222 798 3279 ducentos
808 3238 920 3296 passus
932 3219 965 3278 in
977 3218 1178 3280 latitudinem
1188 3225 1309 3297 patens,

258 3325 363 3385 Huius
379 3325 412 3384 in
426 3325 507 3385 ostio
522 3324 610 3385 sinus
624 3343 723 3402 parva
736 3309 842 3385 insula
856 3325 977 3386 obiecta
991 3324 1030 3385 ab
1044 3323 1110 3385 alto
1127 3329 1252 3402 portum
1271 3323 1310 3384 ab

257 3430 402 3491 omnibus
415 3430 518 3490 ventis
533 3436 750 3508 praeterquam
763 3431 874 3491 Africo
887 3436 992 3491 tutum
1006 3430 1093 3490 facit.
1135 3428 1187 3489 Ab
1198 3429 1311 3488 intimo

258 3535 328 3594 sinu
349 3535 536 3613 paeninsula
557 3535 704 3610 excurrit,
727 3536 918 3596 tumulosis
944 3537 1011 3615 ipse
1037 3536 1070 3595 in
1095 3554 1158 3613 quo
1181 3534 1311 3595 condita

256 3640 330 3700 urbs
353 3647 409 3716 est,
424 3641 464 3701 ab
484 3647 555 3701 ortu
575 3640 651 3701 solis
669 3647 701 3701 et
717 3660 737 3701 a
757 3641 887 3702 meridie
906 3641 1009 3702 cincta
1026 3641 1122 3717 mari3
1145 3641 1184 3702 ab
1198 3658 1310 3702 occasu

205 3767 236 3815 30
256 3752 402 3822 stagnum
430 3746 550 3807 claudit
574 3746 704 3824 paulum
728 3745 824 3808 etiam
848 3748 889 3808 ad
914 3747 1168 3826 septemtrionem
1193 3746 1309 3822 fusum,
