3038 4278
271 281 293 346 2
601 288 726 345 LATIN
751 287 1001 346 sannomoNs

272 459 404 520 maturis
434 460 496 520 iam
511 459 632 521 viribus
654 460 737 520 ferre
758 465 873 538 posset.
916 459 1086 520 Libertatis
1109 465 1215 520 autem
1236 459 1326 538 origi-

272 584 342 624 nem
365 565 438 624 inde
460 565 568 642 magis,
587 565 663 643 quia
676 585 815 626 annuum
836 564 1003 644 imperium
1021 564 1183 625 consulare
1204 564 1325 625 factum

272 677 330 745 est,
345 689 438 748 quam
453 671 537 748 quod
552 670 747 730 deminutum
762 670 928 748 quicquam
944 671 987 731 sit
1001 689 1040 730 cx
1054 670 1139 746 regia
1159 675 1324 748 potestate,

272 795 433 836 numeres:
458 775 562 836 omnia
570 776 649 851 iura,
659 777 763 836 omnia
773 777 912 853 insignia
920 774 1014 856 primi
1024 776 1166 836 consules
1180 782 1324 851 tenuere;

238 889 253 934 ὅ
273 881 304 940 id
326 882 418 941 modo
431 887 557 941 cautum
571 887 628 957 est,
643 901 681 942 ne
697 882 725 942 si
739 882 830 942 ambo
850 883 952 943 fasces
970 882 1130 956 haberent,
1145 880 1325 960 duplicatus

272 994 371 1046 terror
396 987 564 1046 videretur.
608 987 726 1048 Brutus
751 987 835 1064 prior·
861 987 1050 1048 concedente
1077 986 1197 1063 collega
1223 987 1325 1047 fasces

272 1091 392 1166 babuit,
407 1092 538 1168 quinon
553 1092 653 1152 acrior
667 1092 785 1152 vindex
799 1092 955 1153 libertatis
974 1093 1088 1167 fuerat,
1102 1110 1196 1168 quam
1212 1091 1326 1152 deinde

273 1202 377 1257 custos
392 1197 463 1256 fuit
506 1196 652 1258 Omnium
668 1197 804 1275 primurn
816 1196 943 1258 avidum
952 1215 1052 1256 novae
1066 1196 1222 1257 libertatis
1232 1215 1326 1275 popu-

272 1302 347 1376 lum,
363 1321 403 1361 ne
423 1303 622 1379 postmodum
637 1301 722 1362 flecti
745 1300 889 1379 precibus
912 1307 967 1362 aut
982 1302 1071 1363 donis
1093 1301 1187 1378 regiis
1210 1306 1325 1379 posset,

225 1420 253 1465 10
272 1407 339 1466 iure
367 1405 499 1466 iurando
526 1406 633 1484 adegit
666 1407 822 1467 neminem
858 1409 975 1467 Romae
1004 1425 1151 1485 passuros
1186 1425 1324 1484 regnare.

273 1512 403 1586 Deinde,
419 1531 481 1590 quo
502 1512 574 1590 plus
590 1512 704 1571 virium
719 1512 753 1571 in
768 1518 879 1572 senatu
899 1512 1078 1590 frequentia
1092 1513 1188 1572 etiam
1207 1511 1326 1572 ordinis

273 1617 399 1692 faceret,
424 1617 571 1678 caedibus
595 1617 678 1695 regis
703 1618 897 1677 deminutum
923 1621 1049 1695 patrum
1073 1636 1238 1676 numerum
1266 1615 1327 1694 pri·

273 1721 410 1783 moribus
425 1723 581 1799 equestris
595 1723 709 1798 gradus
726 1722 817 1783 lectis
831 1723 871 1782 ad
886 1727 1094 1782 trecentorum
1110 1740 1262 1782 summam
1277 1739 1327 1780 ex·

273 1826 382 1905 plevit.
424 1828 652 1904 Traditumque
667 1827 740 1886 inde
759 1827 869 1901 fertur,
887 1827 968 1886 utin
984 1832 1128 1888 senatum
1143 1830 1327 1886 vocarentur
1414 1826 1417 1832 ’

226 1943 254 1988 15
273 1930 327 2008 qui
343 1936 449 2009 patres
464 1932 579 2009 quique
594 1932 764 2009 conscripti
777 1938 898 1993 essent:
922 1932 1113 2009 conscriptos
1128 1930 1276 1990 videlicet
1292 1931 1327 1989 in

273 2055 387 2096 novum
416 2043 559 2097 senatum
587 2036 789 2114 appellabant
817 2037 923 2098 lectos.
967 2037 1006 2096 Id
1033 2037 1147 2095 mirum
1174 2042 1327 2114 quantum

274 2141 394 2219 profuit
408 2142 448 2201 ad
463 2141 659 2201 concordiam
673 2141 812 2202 civitatis
822 2141 1056 2219 iungendosque
1070 2141 1212 2219 patribus
1226 2139 1327 2218 plebis

275 2247 404 2306 animos.

315 2353 431 2411 Rerum
450 2350 564 2411 deinde
582 2350 760 2412 divinarum
783 2350 893 2412 habita
912 2369 1003 2427 cura3
1025 2356 1057 2410 et
1080 2351 1155 2428 quia
1173 2351 1326 2428 quaedam

227 2467 257 2512 ac
275 2456 401 2534 publica
418 2475 506 2516 sacra
526 2474 581 2533 per
602 2456 687 2534 ipsos
709 2475 797 2532 reges
812 2456 960 2516 factitata
980 2460 1078 2530 amnt,
1093 2455 1205 2516 necubi
1219 2475 1326 2531 regum

275 2561 465 2622 desiderium
480 2568 572 2636 esset,
583 2580 685 2637 regern
697 2561 904 2621 sacrificulum
915 2566 1030 2620 creant.
1068 2561 1107 2620 Id
1118 2559 1327 2620 sacerdotium

274 2665 416 2744 pontifici
432 2666 598 2739 subiecere,
610 2685 650 2726 nc
663 2667 790 2726 additus
800 2665 920 2725 nomini
934 2666 1032 2726 bonos
1042 2664 1163 2743 aliquid
1177 2665 1326 2740 libertati,

275 2770 364 2831 cuius
386 2776 463 2830 tunc
481 2771 583 2847 prima
599 2777 667 2831 erat
689 2790 771 2845 cura,
790 2770 933 2832 officeret.
975 2771 1023 2831 Ac
1045 2771 1150 2832 nescio
1171 2789 1212 2830 an
1232 2769 1327 2830 nimis

275 2876 413 2954 undique
424 2895 491 2935 eam
502 2875 703 2952 minimisque
715 2877 806 2936 rebus
816 2875 984 2936 muniendo
994 2878 1118 2937 modum
1129 2874 1326 2937 excesserint.

227 2995 256 3039 25
275 2981 421 3043 Consulis
446 2981 529 3040 enim
556 2980 695 3056 alterius,
717 3000 788 3041 cum
811 2980 891 3040 nihil
916 2981 1003 3041 aliud
1024 2981 1199 3056 offenderit,
1215 3000 1327 3042 nomen

275 3085 412 3146 invisum
435 3084 563 3145 civitati
581 3085 660 3145 fuit:
690 3085 822 3145 nimium
845 3085 1031 3163 Tarquinios
1054 3104 1150 3160 regno
1172 3086 1326 3147 adsuesse.

274 3191 407 3250 Initium
429 3209 448 3249 a
469 3190 576 3251 Prisco
593 3191 730 3267 factum;
752 3209 898 3268 regnasse
922 3190 995 3250 dein
1019 3191 1081 3250 Ser.
1106 3190 1263 3267 Tullium3
1288 3209 1328 3250 nc

274 3295 576 3372 intervalloquidem
591 3295 677 3355 facto
686 3296 818 3355 oblitum
833 3301 993 3372 tamquam
1005 3295 1100 3355 alieni
1115 3295 1203 3372 regni
1219 3296 1329 3374 Super·

275 3401 349 3460 bum
372 3399 578 3478 Tarquinium
606 3400 694 3460 velut
722 3401 930 3460 hereditatem
958 3400 1060 3476 gentis
1089 3401 1204 3462 scelere
1232 3419 1268 3461 ao
1295 3401 1328 3460 vi

227 3521 256 3567 ao
274 3505 442 3583 repetisse;
467 3505 558 3582 pulso
580 3505 718 3583 Superbo
737 3525 831 3583 penes
854 3504 1053 3567 Conlatinum
1069 3506 1235 3583 imperium
1250 3523 1326 3566 esse.

274 3611 405 3672 Nescire
430 3611 618 3689 Tarquinios
644 3611 784 3690 privatos
808 3611 922 3671 vivere.
964 3612 1038 3671 Non
1060 3612 1182 3690 placere
1204 3629 1327 3688 nornen,

275 3716 482 3798 periculosum
499 3716 638 3781 libertati
650 3736 726 3781 esse.
769 3718 855 3778 Hinc
864 3716 965 3799 primo
974 3717 1090 3780 sensim
1105 3716 1327 3799 temptantium
