3038 4278
498 291 627 346 nrvu’s
652 290 802 346 ROMAN
827 289 1006 345 srsronu
1234 276 1274 344 71

225 467 371 538 suspecta
381 479 457 521 esse.
500 460 600 520 Maris
611 461 752 538 pericula
765 460 877 520 timere
892 461 979 537 coepi
995 460 1027 518 in
1042 466 1132 520 tanta
1145 459 1278 538 pecunia

223 566 358 641 regiain
373 565 501 626 Italiam
516 565 689 625 traicienda
702 571 735 625 et
745 565 861 624 victore
875 564 1013 624 exercitu
1024 563 1275 643 transportando.

224 671 396 749 Postquam
424 670 529 730 omnia
557 671 692 731 secundo
719 669 847 730 navium
873 688 966 730 cursu
994 670 1028 728 in
1049 669 1176 730 Italiam
1211 689 1277 747 per·

225 782 385 849 venerunt,
408 793 508 853 neque
529 781 597 835 erat
618 775 701 853 quod
723 774 808 834 ultra
828 792 979 853 precarer,
1001 773 1081 834 illud
1103 774 1219 848 obteri,
1241 781 1277 834 ut

224 899 295 940 cum
316 900 355 940 ex
378 900 499 941 summo
513 887 597 941 retro
619 881 703 940 volvi
724 881 853 940 fortuna
866 886 1055 955 consuesset,
1070 881 1275 942 mutationem
1295 896 1310 940 o

224 985 291 1046 eius
312 987 424 1046 domus
445 986 640 1064 meaipotius
662 1005 756 1063 quam
774 1004 823 1045 res
839 984 965 1062 publica
980 985 1120 1044 sentiret.
1163 986 1276 1063 Itaque

223 1092 405 1152 defunctam
429 1111 496 1153 esse
519 1092 679 1152 fortunam
694 1090 849 1169 publicam
875 1096 1031 1150 meatem
1056 1090 1174 1166 insigni
1199 1091 1277 1151 cala·

224 1198 333 1257 mitate
361 1216 461 1275 spero,
483 1197 567 1274 quod
595 1196 775 1273 triumphus
796 1215 892 1270 mene,
922 1195 1009 1255 velut
1036 1196 1075 1255 ad
1104 1195 1275 1256 ludibrium

223 1321 351 1363 casuum
376 1302 592 1377 humanorum,
617 1301 738 1361 duobus
759 1302 923 1361 funeribus
945 1300 1114 1361 liberorum
1137 1321 1275 1361 meorum

223 1414 273 1468 est
297 1407 511 1485 interpositus.
554 1409 596 1466 Et
630 1426 701 1466 cum
736 1425 793 1483 ego
827 1413 859 1465 et
886 1407 1020 1466 Perseus
1047 1425 1130 1466 nunc
1158 1407 1277 1467 nobilia
1296 1412 1325 1457 1⁰

223 1513 357 1574 maxime
373 1513 467 1573 sortis
486 1512 666 1572 mortalium
681 1511 825 1589 exempla
840 1517 1031 1589 spectemur:
1054 1511 1118 1587 ille,
1134 1512 1275 1589 quiante
1358 1547 1360 1552 ·

223 1634 273 1679 se'
290 1619 432 1697 captivos
467 1618 611 1696 captivus
639 1617 707 1695 ipse
736 1617 808 1677 duci
841 1615 956 1677 liberos
984 1616 1075 1692 vidit,
1104 1617 1274 1678 incolumes

223 1731 329 1784 tamen
349 1743 402 1784 eos
422 1723 534 1783 habet:
557 1742 622 1799 ego,
645 1722 699 1800 qui
723 1722 762 1782 de
783 1721 840 1781 illo
864 1721 1059 1800 triumphavi
1084 1723 1122 1783 ab
1145 1723 1275 1784 alterius

222 1831 333 1889 funere
354 1827 414 1887 filii
435 1827 605 1888 currum**
627 1847 666 1888 ex
687 1827 845 1906 Capitolio
868 1846 964 1905 prope
985 1827 1048 1887 iam
1062 1828 1275 1906 exspirantem

223 1935 313 2009 veni;
335 1953 435 2012 neque
450 1952 490 1994 ex
504 1939 595 1994 tanta
609 1933 707 2010 stirpe
722 1933 853 1993 liberum
871 1939 1013 2010 superest
1027 1933 1083 2010 qui
1098 1935 1131 1992 L.
1147 1934 1275 1993 Aemilii
1294 1939 1322 1984 15

222 2039 316 2100 Pauli
330 2058 443 2099 nomen
458 2039 549 2100 ferat.
576 2040 663 2098 Duos
678 2037 761 2097 enim
776 2044 936 2115 tamquam
952 2056 991 2096 ex
1005 2057 1119 2115 magna
1128 2040 1275 2117 progenie

222 2145 392 2205 liberorum
420 2143 453 2204 in
482 2143 680 2222 adoptionem
709 2143 800 2202 datos
828 2142 973 2203 Cornelia
1007 2150 1039 2203 et
1067 2145 1166 2204 Fabia
1200 2164 1275 2221 gens

224 2250 357 2310 habent:
381 2249 473 2310 Pauli
495 2249 529 2308 iu
543 2249 635 2308 domo
649 2253 773 2326 praeter
792 2267 896 2308 senem
912 2267 1004 2308 nemo
1020 2256 1169 2326 superest.
1214 2251 1276 2310 Sed

223 2356 304 2416 hanc
318 2355 438 2414 cladem
454 2355 563 2414 domus
578 2372 664 2414 meae
679 2359 784 2414 vestra
798 2354 935 2414 felicitas
950 2360 982 2414 et
996 2355 1134 2416 secunda
1148 2355 1276 2416 fortuna

223 2459 566 2538 publicaconsolatur.''
615 2459 703 2518 Haec
722 2464 813 2518 tanto
833 2458 919 2518 diota
932 2459 1037 2518 animo
1051 2460 1150 2536 magis
1170 2461 1276 2520 confu-
1294 2475 1324 2519 ro

223 2566 296 2626 dere
320 2565 519 2625 audientium
543 2564 673 2638 animos,
696 2583 788 2641 quam
814 2563 842 2622 si
864 2563 1087 2625 miserabiliter
1108 2565 1273 2625 orbitatem

224 2689 314 2732 suem
328 2669 472 2730 deflendo
486 2670 610 2730 locutus
625 2674 717 2730 esset
