3058 4284
258 285 323 352 122
585 245 709 354 mnis
735 298 984 355 sunncrrous

257 469 330 545 sint,
345 469 400 530 sed
411 469 504 548 plane
517 467 680 529 hominum
695 469 842 529 omnium.
886 468 946 529 Ille
967 469 1095 530 demens
1116 487 1215 545 ruere,
1238 475 1309 548 post

256 573 339 634 hunc
357 592 431 634 vero
450 574 587 634 furorem
607 573 689 633 nihil
710 574 773 634 nisi
794 574 921 634 caedem
942 573 1140 634 inimicorum
1163 574 1308 651 cogitare,

256 679 384 740 vicatim
413 680 542 755 ambire,
572 680 671 740 servis
699 685 806 758 aperte
834 698 922 757 spem
950 679 1106 740 libertatis
1136 680 1308 741 ostendere.

256 784 382 845 Etenim
405 792 499 846 antea
518 803 589 845 cum
611 784 763 844 iudicium
784 783 926 860 tollebat,
948 785 1083 848 habebat
1106 784 1161 845 ille
1182 785 1308 863 quidem

222 907 238 952 a
257 889 416 951 difficilem
438 890 702 968 manifestamque
724 908 848 952 causam
872 889 928 950 sed
957 896 1065 950 tamen
1087 908 1230 966 causam3
1259 909 1310 968 po

256 1001 339 1056 terat
353 994 494 1071 infitiari,
509 1000 633 1073 poterat
644 995 677 1054 in
692 994 772 1055 alios
783 994 934 1070 derivare,
946 1000 1070 1074 poterat
1081 994 1175 1055 etiem
1189 995 1310 1072 aliquid

257 1101 325 1160 iure
346 1100 467 1160 factum
488 1101 674 1176 defendere3
696 1106 768 1178 post
788 1100 845 1160 has
867 1100 983 1176 ruinas,
1007 1099 1162 1177 incendia,
1184 1099 1310 1178 rapinas

258 1206 400 1267 desertus
414 1225 434 1266 a
448 1205 513 1268 suis
528 1206 582 1265 vix
597 1206 660 1266 iam
675 1205 838 1266 Decimum
851 1205 1092 1282 designatorem,
1103 1205 1158 1265 vix
1171 1205 1309 1266 Gellium

257 1311 385 1388 retinet,
401 1329 559 1372 servorum
575 1310 716 1372 consiliis
731 1310 842 1386 utitur,
863 1310 960 1387 videt,
977 1310 1004 1370 si
1019 1329 1125 1371 omnes
1141 1329 1220 1388 quos
1240 1310 1311 1370 vult

210 1441 239 1486 10
257 1415 362 1494 palam
384 1415 542 1491 occiderit,
564 1415 666 1475 nihilo
681 1434 768 1476 suam
784 1433 911 1476 causam
927 1413 1134 1476 difficiliorem
1151 1434 1245 1493 quam
1260 1415 1311 1475 ad·

234 1582 239 1598 ,
258 1520 319 1580 huc
335 1521 377 1582 sit
391 1520 424 1579 in
439 1519 556 1580 iudicio
571 1521 719 1581 futuram.
764 1521 876 1598 Itaque
892 1525 964 1579 ante
984 1520 1069 1579 diem
1086 1520 1213 1580 tertium
1233 1519 1310 1580 Idus

258 1626 461 1701 Novembres,
481 1644 552 1685 cum
574 1625 739 1686 Sacraria
760 1624 990 1700 descenderem,
1011 1625 1172 1685 insecutus
1193 1631 1242 1685 est
1262 1643 1310 1684 me

259 1749 328 1790 cum
345 1731 419 1791 suis.
454 1730 595 1806 Clamor,
623 1729 755 1808 lapides,
778 1731 889 1805 fustes,
911 1729 1020 1806 gladii,
1042 1729 1119 1790 haec
1141 1729 1312 1807 improvisa
1369 1775 1372 1782 ⁴
1412 1743 1423 1762 ·

258 1835 371 1896 omnia
414 1835 624 1896 Discessimus
650 1835 684 1894 in
708 1834 899 1895 vestibulum
925 1834 1011 1894 Tetti
1036 1834 1210 1895 Damiouis.
1251 1833 1310 1905 Qui

210 1957 239 2002 ro
259 1946 349 2000 erant
370 1959 491 2001 mecum
516 1939 610 2000 facile
638 1959 748 2019 operas
777 1940 867 2000 aditu
890 1939 1126 2017 prohibuerunt.
1169 1941 1242 2018 Ipse
1265 1958 1311 1999 oc

258 2045 323 2105 cidi
343 2047 448 2123 potuit
470 2045 524 2106 sed
545 2064 602 2122 ego
621 2045 726 2105 diaeta
739 2063 847 2105 curare
862 2044 988 2122 incipio,
1004 2044 1180 2122 chirurgiae
1194 2044 1308 2104 taedet.

258 2149 319 2210 Ille
336 2151 475 2210 omnium
496 2150 622 2212 vocibus
640 2169 709 2210 cum
732 2169 765 2210 se
786 2168 848 2209 non
870 2150 910 2209 ad
931 2149 1083 2209 iudicium
1104 2149 1160 2210 sed
1180 2149 1221 2209 ad
1242 2168 1311 2227 sup
1373 2213 1378 2224 ,

258 2255 388 2333 plicium
409 2274 558 2333 praesens
580 2255 665 2314 trudi
687 2254 818 2329 videret,
841 2273 949 2314 omnes
974 2253 1129 2315 Catilinas
1157 2254 1309 2314 Acidinos

257 2365 367 2439 postea
388 2360 534 2420 reddidit.
576 2361 659 2420 Nam
684 2359 814 2420 Milonis
838 2360 974 2434 domum,
1004 2378 1071 2420 eam
1100 2377 1179 2437 quae
1208 2369 1251 2419 est
1277 2363 1311 2418 ic

209 2477 238 2522 uo
257 2465 409 2541 Cermalo,
438 2485 483 2543 pr.
512 2465 590 2524 Idus
618 2464 787 2525 Novembr.
814 2483 993 2542 expugnare
1018 2470 1051 2524 et
1075 2464 1240 2524 incendere
1265 2464 1311 2524 ita

257 2576 387 2631 conatus
402 2575 450 2631 est
465 2579 500 2630 ut
514 2570 618 2648 palam
633 2570 711 2630 hora
721 2570 833 2648 quinta
843 2588 912 2628 cum
927 2569 1025 2630 scutis
1034 2569 1177 2629 homines
1188 2568 1310 2629 eductis

258 2675 381 2752 gladiis,
396 2675 475 2736 alios
490 2694 560 2735 cum
575 2675 713 2736 accensis
729 2674 851 2735 facibus
867 2674 1041 2734 adduxerit.
1086 2674 1159 2752 Ipse
1182 2674 1309 2733 domum

257 2782 292 2840 P.
310 2780 415 2841 Sullae
430 2799 487 2859 pro
501 2780 612 2841 castris
628 2780 689 2840 sibi
703 2780 743 2840 ad
758 2799 827 2840 eam
841 2779 1110 2858 impugnationem
1123 2784 1308 2858 sumpserat.

258 2889 339 2946 Tum
366 2903 405 2946 ex
433 2885 580 2946 Anniana
607 2885 739 2945 Milonis
763 2885 855 2944 domo
878 2885 912 2955 Q.
937 2884 1068 2945 Flaccus
1094 2883 1204 2944 eduxit
1225 2884 1309 2944 viros

208 3005 238 3050 aa
257 2992 353 3068 acris;
376 2991 492 3052 occidit
506 2991 649 3051 homines
663 3009 702 3050 ex
717 2991 802 3050 omni
823 2989 990 3050 latrocinio
1013 2988 1166 3050 Clodiano
1187 2988 1311 3072 notissi-

256 3116 334 3172 mos,
349 3097 451 3176 ipsum
467 3095 599 3174 cupivit,
614 3096 669 3157 sed
691 3096 745 3154 ille
767 3113 801 3156 se
821 3095 856 3154 in
877 3094 1027 3154 interiora
1048 3093 1170 3154 aedium
1195 3093 1309 3153 Sullae.

257 3203 341 3262 Exin
373 3207 499 3263 senatus
528 3201 680 3280 postridie
708 3203 795 3262 Idus.
841 3200 936 3260 Domi
965 3198 1102 3260 Clodius.
1156 3197 1310 3275 Egregius

257 3307 471 3382 Marcellinus,
493 3326 599 3367 omnes
614 3325 708 3367 acres.
751 3305 901 3366 Metellus
915 3303 1073 3365 calumnia
1090 3303 1215 3363 dicendi
1237 3309 1311 3363 tem-

257 3432 316 3492 pus
341 3412 456 3472 exemit
477 3412 647 3472 adiuvante
669 3411 783 3490 Appia,
806 3411 901 3471 etiam
923 3410 1049 3470 hercule
1073 3407 1225 3469 familiari
1245 3413 1310 3484 tuo,

209 3529 238 3576 ao
257 3519 296 3578 de
324 3517 412 3578 cuius
440 3519 618 3577 constantia
645 3525 672 3576 et
703 3517 821 3576 virtute
855 3525 924 3576 tuuc
959 3515 1140 3575 verissimae
1175 3512 1309 3574 litterae.

258 3622 379 3683 Sestius
394 3623 507 3682 furere.
550 3622 611 3681 Ille
626 3627 743 3700 postea,
759 3621 787 3680 si
797 3620 925 3680 comitia
939 3639 996 3680 sua
1015 3639 1077 3679 non
1096 3619 1218 3694 fierent,
1240 3618 1311 3678 urbi

257 3727 378 3787 minari.
421 3729 499 3788 Milo
520 3727 681 3805 proposita
701 3725 880 3785 Marcellini
902 3725 1060 3786 sententia
1079 3743 1172 3803 quam
1195 3724 1251 3783 ille
1271 3721 1311 3782 dc
