3058 4284
271 293 316 362 90
592 305 717 364 namu
742 307 991 366 suuncrrons

270 495 392 538 camera
416 477 550 556 lapideis
579 478 751 539 fornicibus
780 479 903 556 iuncta3
933 481 987 541 sed
1015 482 1147 558 incultu,
1175 485 1323 561 tenebris,

270 583 362 642 odore
382 583 475 643 foeda
496 590 590 661 atque
604 583 755 644 terribilis
775 584 843 644 eius
862 585 959 646 facies
975 593 1031 646 est.
1075 588 1114 646 Iu
1128 606 1199 648 eum
1222 589 1324 649 locum

269 693 435 766 postquam
449 688 604 749 demissus
623 695 672 748 est
686 689 849 761 Lentulus,
865 689 1007 750 vindices
1022 709 1125 751 rerum
1140 693 1322 771 capitalium

269 794 383 871 quibus
411 800 610 872 praeceptum
639 800 706 853 erat
733 794 847 872 laqueo
874 795 978 870 gulam
1007 797 1137 874 fregere.
1188 797 1241 859 Ita
1268 798 1322 859 ille

235 901 419 978 epatricius
444 918 485 960 ex
509 905 601 976 gente
625 898 810 960 clarissuma
835 900 1059 976 Corneliorum,
1082 903 1136 980 qui
1161 903 1324 964 consulare

269 1006 434 1083 imperium
456 1006 574 1066 Rornae
595 1004 756 1078 habuerat,
772 1005 903 1081 dignum
924 1006 1062 1066 moribus
1084 1007 1241 1085 factisque
1259 1009 1323 1070 suis

269 1111 400 1172 exitium
434 1111 519 1170 vitae
553 1111 682 1170 invenit.
736 1111 784 1170 De
819 1110 966 1186 Cethego,
1003 1111 1141 1187 Statilio,
1177 1113 1323 1189 Gabinio,

269 1215 428 1294 Caepario,
451 1215 559 1275 eodem
583 1215 675 1274 modo
696 1213 883 1292 supplicium
909 1221 1068 1294 sumptum
1092 1222 1149 1277 est.

652 1409 775 1472 Collopse
787 1411 819 1472 os
826 1411 869 1460 tte
877 1412 944 1474 plot.

308 1527 393 1586 Dum
407 1544 442 1586 ea
457 1526 575 1585 Romae
590 1531 749 1600 geruntur,
765 1508 904 1586 Catilina
918 1543 957 1584 ex
971 1526 1055 1585 omni
1067 1527 1165 1604 copia,
1181 1547 1275 1606 quarn
1290 1535 1322 1589 et

222 1648 250 1694 ιο
268 1631 337 1709 ipse
351 1631 528 1691 adduxerat
544 1635 575 1690 et
591 1629 731 1689 Manlius
746 1629 908 1705 habuerat,
924 1630 1002 1691 duas
1016 1630 1155 1707 legiones
1171 1632 1321 1708 instituit,

268 1735 406 1796 cohortis
421 1754 477 1813 pro
491 1753 620 1794 numero
642 1733 777 1794 militum
800 1734 946 1812 complet.
991 1735 1123 1812 Deinde,
1138 1738 1322 1815 utquisque

268 1840 463 1901 voluntarius
478 1845 533 1900 aut
554 1858 593 1898 ex
616 1838 707 1899 sociis
729 1839 770 1898 iu¹
783 1845 887 1900 castra
907 1846 1044 1916 venerat,
1068 1840 1241 1919 aequaliter
1262 1841 1323 1903 dis-

267 1935 430 2020 tribuerat,
458 1963 494 2005 ao
522 1944 610 2005 brevi
637 1943 740 2021 spatio
768 1942 907 2020 legiones
935 1964 1064 2004 nnmcro
1087 1945 1249 2006 hominum
1274 1965 1324 2006 ex-

268 2051 418 2130 pleverat,
432 2068 503 2110 eum
518 2049 611 2108 initio
624 2067 687 2108 non
708 2048 843 2126 emplius
865 2049 985 2110 duobus
1006 2049 1135 2111 milibus
1149 2050 1321 2112 habuisset.

220 2171 248 2216 15
269 2155 330 2216 Sed
345 2174 384 2215 ex
398 2155 483 2215 omni
497 2154 588 2233 copia
601 2153 725 2213 circiter
739 2172 811 2231 pars
823 2160 935 2231 quarta
946 2160 1014 2215 erat
1025 2155 1215 2216 militaribus
1226 2156 1323 2216 armis

268 2261 439 2333 instructa;
461 2259 565 2334 ceteri,
587 2264 624 2318 ut
645 2277 799 2336 quemque
820 2276 910 2319 casus
932 2266 1117 2334 armaverat,
1139 2279 1247 2338 sparos
1268 2267 1323 2321 aut

268 2367 402 2441 lanceas,
430 2365 486 2426 alii
513 2369 695 2442 praeacutas
724 2363 812 2423 sudis
847 2364 1023 2441 portabant.
1067 2364 1129 2424 Sed
1157 2370 1323 2443 postquam

269 2472 427 2531 Antonius
441 2488 514 2530 cum
528 2468 667 2528 exercitu
682 2468 880 2542 adventabat,
896 2468 1036 2529 Catilina
1056 2487 1111 2547 per
1133 2471 1248 2530 montis
1263 2471 1323 2531 iter

267 2578 379 2652 iacere,
394 2574 539 2635 modoad
554 2574 662 2633 urbem
684 2573 775 2632 modo
790 2572 926 2633 Galliam
942 2591 1051 2633 vorsus
1066 2579 1170 2634 castra
1189 2593 1324 2651 movere,

220 2697 250 2741 ao
268 2681 411 2743 hostibus
433 2679 624 2740 occasionem
650 2676 812 2756 pugnandi
833 2697 896 2737 non
918 2678 1000 2736 dare.
1045 2678 1196 2755 Sperabat
1217 2698 1325 2757 prope-

269 2787 351 2847 diem
366 2803 496 2861 magnas
511 2783 615 2861 copias
635 2801 703 2843 sese
725 2783 915 2858 habiturum,
932 2783 959 2842 si
974 2784 1092 2843 Romae
1108 2783 1184 2843 socii
1199 2784 1325 2862 incepta

268 2891 489 2970 patravissent.
533 2890 661 2948 Interea
686 2887 816 2948 servitia
837 2887 1033 2964 repudiabat,
1056 2887 1144 2948 ouius
1171 2888 1262 2948 initio
1283 2891 1323 2950 ad

268 3015 339 3057 eum
350 3013 481 3070 magnae
492 2993 599 3071 copiae
611 2993 844 3068 concurrebant,
853 2992 963 3070 opibus
976 2993 1200 3054 coniurationis
1212 2994 1322 3069 fretus,

269 3101 363 3163 simul
388 3100 525 3160 alienum
551 3097 617 3158 suis
642 3098 815 3158 rationibus
845 3098 1039 3158 existumans
1070 3097 1169 3157 videri
1197 3117 1323 3159 causam

221 3220 250 3266 at
269 3206 385 3267 civium
400 3223 470 3265 oum
485 3203 583 3264 servis
598 3202 744 3278 fugitivis
759 3201 1047 3263 communicavisse.

310 3311 371 3371 Sed
392 3315 559 3388 postquam
572 3308 606 3368 in
621 3314 724 3368 castra
738 3307 868 3368 nuntius
890 3307 1033 3385 pervenit
1047 3309 1166 3368 Rornae
1188 3308 1325 3369 coniura-

269 3419 386 3478 tionem
408 3416 608 3494 patefactam,
624 3415 661 3474 de
682 3413 818 3473 Lentulo
840 3418 871 3472 et
892 3412 1030 3488 Cethego
1052 3412 1225 3490 ceterisque
1246 3433 1324 3492 quos

270 3541 365 3600 supra
391 3519 561 3581 memoravi
589 3517 778 3596 supplicium
807 3523 975 3595 sumptum,
1001 3517 1152 3596 plerique,
1179 3535 1257 3596 quoe
1284 3519 1324 3579 ad

270 3627 387 3688 bellum
399 3645 470 3704 spes
482 3624 662 3702 rapinarum
674 3627 729 3683 aut
740 3642 891 3682 novarum
902 3640 1007 3682 rerum
1018 3623 1157 3682 studium
1170 3622 1324 3700 illexerat,

223 3745 252 3790 30
270 3733 470 3807 dilabuntur,
499 3729 637 3807 reliquos
662 3727 801 3788 Catilina
825 3746 880 3805 per
905 3727 1020 3788 montis
1048 3746 1174 3805 asperos
1201 3729 1324 3806 magnis
