3058 4284
218 344 222 358 ‹
275 319 342 388 100
595 331 720 390 numu
745 335 995 391 sunnculous

273 503 359 563 fama
367 508 461 582 etque
471 504 599 566 fortuna
607 524 712 565 eorum
722 512 907 585 peressunt3
919 506 974 584 qui
984 507 1235 586 magnoimperio
1244 525 1328 586 prae·

273 609 332 668 diti
351 609 385 668 in
407 610 529 670 excelso
550 615 685 671 aetatem
703 617 810 687 agunt,
829 631 935 672 eorum
956 613 1042 673 faeta
1058 613 1163 674 ouuoti
1180 613 1327 673 mortales

272 733 397 775 novere.
439 716 492 776 Ita
502 715 535 775 in
547 735 693 777 maxuma
703 717 830 777 fortuna
845 717 985 778 minuma
998 717 1127 780 lieentia
1140 725 1205 795 est3
1228 736 1327 796 neque

274 821 399 881 studere
418 839 519 898 neque
538 822 651 897 odisse,
669 823 724 883 sed
743 823 882 882 minume
902 822 995 884 irasoi
1015 824 1121 898 decet,
1144 841 1224 902 quae
1244 823 1327 902 apud
1413 889 1419 902 ¹

238 943 254 988 1
273 926 352 987 alios
369 926 533 987 iracundia
548 927 672 1002 dicitur,
691 947 726 988 ee
741 927 774 987 in
794 927 925 1007 imperio
943 928 1090 1006 superbia
1108 935 1203 1007 atque
1223 930 1328 990 erude-

272 1030 347 1091 litas
371 1032 556 1110 appellatur.
599 1033 754 1111 Equidem
779 1052 836 1109 ego
862 1032 907 1093 sio
932 1032 1097 1109 existumo,
1125 1041 1231 1112 patres
1259 1053 1328 1094 oon·

273 1136 391 1215 soripti,
405 1137 505 1198 omnis
517 1139 673 1199 eruciatus
685 1138 821 1199 minores
836 1156 929 1215 quam
943 1137 1086 1198 facinore
1099 1138 1225 1198 illorum
1240 1158 1307 1200 esse
1319 1162 1326 1214 ς

273 1242 328 1302 sed
342 1241 483 1320 plerique
503 1243 651 1304 mortales
669 1250 828 1321 postrema
844 1241 1021 1317 meminere,
1040 1249 1072 1303 et
1093 1243 1127 1302 in
1146 1243 1327 1304 hominibus
1397 1255 1400 1261 '

273 1346 380 1425 impiis
398 1347 524 1408 sceleris
540 1367 646 1408 eorum
665 1347 757 1409 obliti
774 1349 812 1407 de
830 1365 931 1426 poena
946 1347 1117 1423 disserunt,
1136 1348 1163 1408 si
1178 1366 1215 1408 ea
1233 1348 1328 1427 paulo

146 1477 148 1483 ·
225 1470 254 1517 10
273 1453 395 1512 saevior
409 1453 482 1513 fuit.

314 1564 331 1594 “
341 1559 379 1617 D.
403 1558 554 1634 Silanum,
576 1558 679 1618 virum
704 1559 819 1619 fortem
840 1569 934 1637 atque
960 1566 1133 1634 strenuum,
1155 1565 1241 1620 oerto
1263 1558 1327 1619 seio

273 1682 352 1741 quae
366 1662 482 1722 dixerit
496 1663 601 1724 studio
612 1663 813 1741 reipublicae
824 1663 953 1740 dixisse,
965 1683 1067 1743 neque
1081 1664 1173 1724 illum
1189 1664 1222 1724 in
1238 1669 1328 1725 tanta

273 1788 305 1828 re
333 1767 464 1845 gratiam
494 1775 549 1829 aut
582 1768 765 1829 inimicitias
794 1788 951 1846 exeruere3
987 1788 1039 1830 eos
1067 1787 1168 1830 mores
1197 1787 1327 1846 eamque

272 1873 456 1934 modestiam
483 1873 543 1933 viri
567 1875 707 1950 cognovi.
750 1875 867 1934 Verum
895 1875 1054 1936 sententia
1074 1875 1141 1934 eius
1164 1873 1244 1934 mihi
1264 1893 1327 1934 non

225 1996 253 2041 15
272 1978 457 2039 erudelis-
467 1979 543 2055 quid
557 1979 639 2038 enlm
662 1979 695 2038 in
717 1979 791 2039 talis
813 1979 955 2041 homines
970 1980 1096 2040 erudele
1111 1978 1180 2038 fieri
1195 1981 1327 2057 potest?

271 2085 375 2144 —sed
390 2083 493 2144 aliena
503 2103 523 2144 a
535 2103 569 2144 re
583 2083 710 2162 publiea
723 2091 831 2144 nostra
842 2085 975 2146 videtur.
1018 2085 1102 2145 Nam
1117 2084 1258 2163 profecto
1273 2088 1328 2143 aut

273 2195 374 2249 metus
393 2195 448 2250 aut
466 2189 582 2249 iniuria
599 2195 631 2249 te
648 2189 781 2266 subegit,
802 2189 917 2265 Silene,
938 2189 1096 2250 oonsulem
1118 2189 1327 2264 designatum,

272 2314 370 2370 genus
384 2312 503 2373 poenae
513 2313 627 2355 novom
641 2295 816 2356 decernere.
858 2296 905 2355 De
917 2295 1029 2356 timore
1041 2311 1328 2372 supervacuaneum

272 2399 487 2474 estdisserere,
495 2399 753 2477 cumpraesertim
761 2398 1112 2476 diligentiaelarissumi
1120 2398 1181 2457 viri
1191 2397 1328 2459 consulis

224 2520 254 2566 uo
271 2511 361 2565 tanta
369 2504 527 2582 praesidia
536 2504 756 2565 sintinarmis.
791 2506 839 2564 De
849 2523 948 2582 poena
958 2523 1084 2582 possum
1095 2503 1240 2581 equidem
1249 2502 1329 2563 diue

272 2628 314 2683 re,
330 2609 362 2669 id
375 2610 457 2687 quod
472 2628 522 2670 res
536 2609 639 2684 habet,
650 2609 685 2668 in
699 2609 788 2669 luotu
802 2616 896 2687 atque
911 2609 1048 2670 miseriis
1062 2614 1195 2668 mortem
1210 2625 1327 2668 aerum·

272 2733 383 2773 narum
397 2714 546 2793 requiem,
561 2733 624 2774 non
638 2714 811 2774 eruoiatum
831 2733 913 2790 esse;
936 2731 1002 2774 eam
1019 2719 1133 2773 eunota
1146 2711 1327 2772 mortalium

272 2819 356 2879 mala
366 2818 554 2894 dissolvere3
578 2819 661 2880 ultra
674 2838 774 2897 neque
786 2837 879 2880 ourae
893 2837 992 2897 neque
1004 2817 1117 2896 gaudio
1131 2817 1233 2877 loeum
1249 2835 1326 2878 esse.

273 2924 344 3000 Sed,
360 2943 414 3002 per
435 2924 510 2984 deos
528 2923 725 2998 immortalis,
741 2943 834 3002 quam
856 2923 895 2984 ob
916 2942 981 2984 rem
1002 2922 1037 2983 in
1060 2921 1249 2983 sententiam
1264 2941 1327 2982 non

224 3043 253 3088 25
272 3027 433 3101 addidisti,
444 3029 492 3088 uti
504 3029 592 3106 prius
602 3029 782 3090 verberibus
794 3028 827 3086 in
839 3047 891 3088 eos
903 3027 1232 3088 animadvorteretur?
1274 3026 1327 3086 An

272 3133 348 3212 quia
368 3133 420 3193 lex
440 3133 553 3193 Porcia
573 3135 686 3194 vetat?
728 3133 773 3193 At
794 3133 874 3193 aliae
898 3133 984 3210 leges
1009 3132 1085 3192 item
1110 3131 1327 3192 condemnatis

273 3238 393 3300 oivibus
417 3256 480 3297 non
504 3238 640 3298 animam
666 3237 755 3315 eripi,
781 3238 837 3298 sed
863 3219 1011 3298 exsilium
1039 3235 1182 3315 permitti
1207 3235 1325 3296 iubent.

272 3344 324 3403 An
345 3343 420 3420 quia
441 3343 567 3420 gravius
589 3349 638 3403 est
658 3342 813 3403 verberari
837 3361 931 3421 quam
952 3342 1082 3403 neoari?
1125 3340 1205 3412 Quid
1220 3347 1326 3401 autem

272 3449 416 3510 acerbum
431 3454 486 3508 aut
500 3449 595 3508 nimis
610 3466 704 3524 grave
719 3454 767 3507 est
782 3447 815 3506 in
829 3448 972 3508 homines
993 3446 1076 3507 tanti
1091 3445 1242 3506 facinoris
1256 3464 1327 3506 oon-

223 3570 253 3617 30
270 3555 399 3616 vietus?
442 3555 497 3614 Sin
513 3554 587 3632 quia
600 3553 701 3614 levius
717 3559 773 3627 est,
786 3553 840 3630 qui
855 3552 1002 3613 eonvenit
1014 3552 1049 3611 in
1063 3552 1186 3611 minore
1200 3550 1327 3626 negotio

270 3661 371 3738 legem
385 3660 505 3736 timere,
520 3679 591 3719 eum
605 3677 672 3719 eam
688 3658 721 3718 in
736 3658 851 3718 maiore
865 3656 1067 3734 neglegetis?

312 3766 384 3826 “At
395 3765 478 3826 enim
494 3764 565 3844 quis
577 3763 783 3844 reprehendet
795 3762 879 3842 quod
890 3761 923 3822 in
934 3761 1106 3840 parricidas
1121 3760 1167 3820 rei
1180 3759 1327 3839 publicae
