3058 4284
509 343 715 400 SALLUS'P'S
738 340 933 396 CATILINE
1182 327 1244 394 101

194 518 351 577 decretum
376 515 465 575 erit?
506 517 653 592 Tempus,
669 513 744 588 dies,
761 513 897 587 fortuna,
913 511 1001 570 cuius
1022 509 1131 571 lubido
1153 509 1249 585 genti-

194 623 252 684 bus
280 621 468 681 moderatur.
511 619 582 678 Illis
610 618 723 678 merito
757 616 878 677 accidet
913 615 1063 694 quioquid
1091 614 1247 690 evenerit,

193 733 331 787 ceterum
352 745 417 800 vos,
432 731 537 802 patres
559 723 738 801 conscripti,
758 722 835 800 quid
856 721 889 780 iu
911 721 990 780 aiios
1012 720 1159 780 statuatis
1181 738 1249 779 con·

194 832 338 892 siderate.
382 829 497 892 Omnia
518 828 602 889 mala
623 828 766 906 exempla
788 847 826 888 ex
848 828 939 888 rebus
961 826 1051 887 bonis
1074 834 1141 886 orta
1164 831 1247 886 sunt.

195 937 255 997 Sed
269 936 325 996 ubi
338 935 503 1013 imperium
521 935 561 994 ad
576 933 701 1010 ignaros
715 934 782 994 eius
798 939 853 994 aut
867 933 971 993 minus
985 933 1082 993 bonos
1097 931 1249 1010 pervenit,
1268 945 1283 989 s
1346 991 1350 999 ,

193 1061 306 1102 novom
321 1041 404 1100 iliud
415 1040 593 1119 exemplum
604 1040 644 1100 ab
653 1037 758 1116 dignis
768 1045 799 1100 ct
809 1039 931 1100 idoneis
940 1039 979 1099 ad
988 1039 1135 1114 indignos
1144 1043 1177 1097 et
1187 1056 1248 1097 nou

193 1148 322 1207 idoneos
342 1146 541 1207 transfertur.
584 1144 826 1206 Lacedaemonii
847 1145 980 1205 devictis
1003 1143 1250 1203 Atheniensibus

193 1251 327 1326 triginta
337 1251 421 1311 viros
434 1250 618 1328 imposuere,
631 1251 762 1328 quirem
777 1250 935 1328 publicam
947 1269 1054 1309 eorum
1068 1254 1248 1309 tractarent.

194 1357 234 1415 Ei
247 1357 350 1434 primo
365 1374 493 1434 coepere
514 1374 695 1433 pessumum
717 1374 872 1433 quemque
894 1362 926 1415 et
947 1355 1092 1414 omnibus
1112 1353 1250 1414 invisum

195 1461 412 1522 indemnatum
424 1479 551 1536 necare3
574 1480 610 1521 ea
621 1461 755 1539 populus
764 1461 875 1521 laetari
887 1466 919 1520 et
930 1458 1042 1520 merito
1056 1459 1158 1519 dicere
1171 1457 1248 1518 fieri.
1270 1467 1299 1511 10

193 1567 273 1632 Post
286 1567 341 1626 ubi
356 1565 512 1645 paulatim
526 1565 655 1626 licentia
669 1566 777 1641 crevit,
792 1566 883 1626 iuxta
902 1566 999 1627 bonos
1015 1571 1047 1626 et
1060 1564 1159 1624 malos
1174 1563 1252 1623 lubi-

194 1672 303 1733 dinose
317 1671 503 1748 interficere,
520 1677 637 1732 ceteros
652 1677 738 1731 metu
752 1677 882 1748 terrerc3
905 1671 951 1732 ita
972 1669 1084 1732 civitas
1099 1669 1250 1729 servitute

194 1795 345 1855 oppressa
380 1767 504 1837 stultae·
520 1776 672 1836 'laetitiae
707 1777 811 1852 gravis
847 1795 962 1854 poenas
990 1775 1088 1836 dedit.
1132 1775 1252 1834 Nostra

195 1881 345 1942 memoria
358 1881 460 1941 victor
475 1881 564 1941 Sulla
584 1899 653 1940 cum
676 1881 904 1959 Damasippum
927 1888 959 1940 et
980 1880 1058 1941 alios
1073 1881 1140 1942 eius
1156 1879 1250 1954 modi,

195 1986 251 2064 qui
272 1986 356 2046 malo
377 1986 423 2046 rei
444 1986 588 2064 publicae
612 1991 785 2061 creverant,
807 1985 942 2062 iugulari
968 1987 1070 2061 iussit,
1092 1985 1163 2063 quis
1188 2003 1252 2044 non
1271 1990 1300 2035 1⁶

194 2091 314 2151 factum
330 2091 397 2151 eius
412 2090 587 2151 laudabat?
630 2090 784 2150 Homines
800 2089 947 2152 scelestos
969 2097 1001 2150 et
1021 2091 1181 2166 factiosos,
1196 2089 1251 2168 qui

195 2195 402 2260 seditionibus
431 2215 494 2256 rem
523 2196 682 2274 publicam
710 2196 956 2272 exagitaverant,
985 2197 1097 2256 merito
1125 2202 1251 2258 necatos

194 2301 329 2361 aiebant.
375 2300 437 2361 Sed
450 2318 487 2360 ea
502 2319 551 2361 res
572 2318 701 2376 magnae
722 2300 849 2360 initium
870 2301 971 2361 cladis
992 2301 1064 2362 fnit.
1105 2303 1189 2362 Nam
1204 2301 1252 2361 uti

195 2406 329 2484 quisquc
351 2405 478 2465 domurn
500 2411 555 2465 aut
576 2405 695 2480 villam,
711 2412 868 2483 postremo
883 2425 938 2466 vas
953 2412 1007 2466 aut
1030 2407 1251 2466 vestimentum

195 2511 329 2572 alicuius
350 2510 580 2588 concupiverat,
596 2510 691 2571 dabat
712 2511 837 2588 dperam
858 2517 895 2570 ut
910 2511 937 2572 is
951 2512 986 2571 in
1007 2512 1252 2591 proscriptorum
1271 2528 1302 2573 ac

195 2635 324 2676 nurnero
350 2620 443 2677 esset.
485 2616 538 2675 Ita
565 2615 623 2690 illi,
652 2615 766 2693 quibus
787 2617 974 2694 Damasippi
1002 2636 1084 2677 mors
1112 2616 1252 2677 laetitiae

195 2721 309 2796 fuerat,
324 2720 419 2803 paulo
437 2727 510 2799 post
531 2721 593 2798 ipsi
613 2721 827 2797 trahebantur,
843 2741 942 2800 neque
964 2723 1052 2800 prius
1073 2721 1147 2783 finis
1168 2723 1253 2798 iugu-

196 2825 283 2886 landi
297 2826 371 2901 fuit,
387 2845 481 2903 quam
498 2825 587 2886 Sulla
600 2826 702 2887 omnis
723 2846 795 2887 suos
817 2826 939 2888 divitiis
955 2828 1103 2907 explevit.
1146 2829 1253 2905 Atque

195 2949 253 3006 ego
267 2931 344 2990 haec
357 2949 421 2990 non
436 2931 470 2990 in
486 2933 531 2992 M.
549 2930 655 2991 Tullio
669 2951 770 3010 neque
784 2931 834 2993 his
849 2933 1042 3011 temporibus
1056 2953 1181 3008 vereor;
1198 2934 1253 2993 sed

195 3036 229 3096 in
245 3055 359 3113 magua
372 3035 503 3097 civitate
525 3037 625 3098 multa
639 3043 671 3097 et
686 3039 774 3098 varia
794 3037 920 3114 ingenia
943 3045 1023 3099 sunt.
1066 3040 1176 3100 Potest
1191 3039 1253 3099 alio
1273 3049 1302 3094 as

195 3147 346 3220 tempore,
362 3141 425 3202 alio
439 3141 576 3218 consule,
591 3143 641 3203 cui
656 3143 733 3203 item
748 3144 903 3204 exercitus
915 3145 948 3203 in
960 3164 1055 3205 manu
1069 3146 1121 3221 sit,
1135 3145 1252 3206 falsum

196 3246 319 3324 aliquid
333 3266 390 3326 pro
404 3267 479 3308 vero
493 3248 595 3324 credi3
618 3248 673 3308 ubi
688 3248 746 3309 hoc
768 3248 912 3327 exemplo
932 3268 989 3327 per
1010 3255 1138 3310 senatus
1153 3251 1254 3312 decre·

195 3359 266 3412 tum
280 3352 389 3413 consui
404 3351 543 3428 gladium
554 3353 708 3428 eduxerit,
721 3353 794 3431 quis
807 3352 857 3412 illi
871 3352 964 3414 finem
981 3360 1100 3414 statuet
1113 3365 1168 3414 aut
1182 3355 1254 3431 quis

197 3456 465 3518 moderabitur?''
