<?xml version="1.0" encoding="UTF-8"?>
<!DOCTYPE html PUBLIC "-//W3C//DTD XHTML 1.0 Transitional//EN"
    "http://www.w3.org/TR/xhtml1/DTD/xhtml1-transitional.dtd">
<html xmlns="http://www.w3.org/1999/xhtml" xml:lang="en" lang="en">
 <head>
  <title>
</title>
<meta http-equiv="Content-Type" content="text/html;charset=utf-8" />
  <meta name='ocr-system' content='tesseract 3.04.00' />
  <meta name='ocr-capabilities' content='ocr_page ocr_carea ocr_par ocr_line ocrx_word'/>
</head>
<body>
  <div class='ocr_page' id='page_1' title='image "./selectionsfromr00miergoog_0037.png"; bbox 0 0 3038 4278; ppageno 0'>
   <div class='ocr_carea' id='block_1_1' title="bbox 275 311 998 384">
    <p class='ocr_par' dir='ltr' id='par_1_1' title="bbox 275 311 998 384">
     <span class='ocr_line' id='line_1_1' title="bbox 275 311 998 384; baseline 0.006 -4"><span class='ocrx_word' id='word_1_1' title='bbox 275 311 320 380; x_wconf 81' lang='lat'><strong>22</strong></span> <span class='ocrx_word' id='word_1_2' title='bbox 597 326 724 384; x_wconf 65' lang='lat' dir='ltr'><strong>narni</strong></span> <span class='ocrx_word' id='word_1_3' title='bbox 748 327 998 384; x_wconf 76' lang='lat' dir='ltr'><strong>snunomorm</strong></span> 
     </span>
    </p>
   </div>
   <div class='ocr_carea' id='block_1_2' title="bbox 226 496 1329 1734">
    <p class='ocr_par' dir='ltr' id='par_1_2' title="bbox 226 496 1329 1734">
     <span class='ocr_line' id='line_1_2' title="bbox 273 496 1329 576; baseline 0.006 -21"><span class='ocrx_word' id='word_1_4' title='bbox 273 496 404 557; x_wconf 78' lang='lat' dir='ltr'><strong>comiter</strong></span> <span class='ocrx_word' id='word_1_5' title='bbox 425 497 614 559; x_wconf 88' lang='lat' dir='ltr'><strong>soisoitando</strong></span> <span class='ocrx_word' id='word_1_6' title='bbox 641 505 676 558; x_wconf 90' lang='lat' dir='ltr'><strong>ut</strong></span> <span class='ocrx_word' id='word_1_7' title='bbox 696 499 849 560; x_wconf 81' lang='lat' dir='ltr'><strong>fateretur</strong></span> <span class='ocrx_word' id='word_1_8' title='bbox 874 517 943 560; x_wconf 86' lang='lat' dir='ltr'><strong>eam</strong></span> <span class='ocrx_word' id='word_1_9' title='bbox 967 519 1034 560; x_wconf 89' lang='lat' dir='ltr'><strong>esse</strong></span> <span class='ocrx_word' id='word_1_10' title='bbox 1055 519 1181 561; x_wconf 86' lang='lat' dir='ltr'><strong>oausam</strong></span> <span class='ocrx_word' id='word_1_11' title='bbox 1203 501 1329 576; x_wconf 87' lang='lat' dir='ltr'><strong>doloris,</strong></span> 
     </span>
     <span class='ocr_line' id='line_1_3' title="bbox 274 601 1329 682; baseline 0.006 -21"><span class='ocrx_word' id='word_1_12' title='bbox 274 602 359 679; x_wconf 91' lang='lat' dir='ltr'><strong>quod</strong></span> <span class='ocrx_word' id='word_1_13' title='bbox 376 601 484 663; x_wconf 89' lang='lat' dir='ltr'><strong>iunota</strong></span> <span class='ocrx_word' id='word_1_14' title='bbox 509 602 612 680; x_wconf 87' lang='lat' dir='ltr'><strong>inpari</strong></span> <span class='ocrx_word' id='word_1_15' title='bbox 637 609 729 678; x_wconf 86' lang='lat' dir='ltr'><strong>esset,</strong></span> <span class='ocrx_word' id='word_1_16' title='bbox 750 609 850 682; x_wconf 90' lang='lat' dir='ltr'><strong>nupta</strong></span> <span class='ocrx_word' id='word_1_17' title='bbox 870 604 904 663; x_wconf 92' lang='lat' dir='ltr'><strong>in</strong></span> <span class='ocrx_word' id='word_1_18' title='bbox 925 605 1017 664; x_wconf 89' lang='lat' dir='ltr'><strong>domo</strong></span> <span class='ocrx_word' id='word_1_19' title='bbox 1036 623 1129 682; x_wconf 89' lang='lat' dir='ltr'><strong>quam</strong></span> <span class='ocrx_word' id='word_1_20' title='bbox 1151 625 1208 665; x_wconf 90' lang='lat' dir='ltr'><strong>neo</strong></span> <span class='ocrx_word' id='word_1_21' title='bbox 1230 606 1329 667; x_wconf 83' lang='lat' dir='ltr'>honos</span> 
     </span>
     <span class='ocr_line' id='line_1_4' title="bbox 274 707 1329 786; baseline 0.006 -20"><span class='ocrx_word' id='word_1_22' title='bbox 274 725 331 768; x_wconf 88' lang='lat' dir='ltr'><strong>neo</strong></span> <span class='ocrx_word' id='word_1_23' title='bbox 345 707 447 784; x_wconf 83' lang='lat' dir='ltr'><strong>gratia</strong></span> <span class='ocrx_word' id='word_1_24' title='bbox 462 707 579 768; x_wconf 86' lang='lat' dir='ltr'><strong>intrare</strong></span> <span class='ocrx_word' id='word_1_25' title='bbox 595 716 709 786; x_wconf 85' lang='lat' dir='ltr'><strong>posset.</strong></span> <span class='ocrx_word' id='word_1_26' title='bbox 766 709 937 770; x_wconf 86' lang='lat' dir='ltr'><strong>Consolans</strong></span> <span class='ocrx_word' id='word_1_27' title='bbox 952 709 1025 770; x_wconf 88' lang='lat' dir='ltr'><strong>inde</strong></span> <span class='ocrx_word' id='word_1_28' title='bbox 1040 710 1138 770; x_wconf 84' lang='lat' dir='ltr'><strong>filiam</strong></span> <span class='ocrx_word' id='word_1_29' title='bbox 1154 711 1329 772; x_wconf 82' lang='lat' dir='ltr'><strong>Ambustus</strong></span> 
     </span>
     <span class='ocr_line' id='line_1_5' title="bbox 273 798 1329 894; baseline 0.002 -20"><span class='ocrx_word' id='word_1_30' title='bbox 273 798 390 874; x_wconf 87' lang='lat' dir='ltr'><strong>bonum</strong></span> <span class='ocrx_word' id='word_1_31' title='bbox 413 812 553 874; x_wconf 92' lang='lat' dir='ltr'><strong>animum</strong></span> <span class='ocrx_word' id='word_1_32' title='bbox 581 812 696 874; x_wconf 88' lang='lat' dir='ltr'><strong>habere</strong></span> <span class='ocrx_word' id='word_1_33' title='bbox 720 813 832 874; x_wconf 90' lang='lat' dir='ltr'><strong>iussit:</strong></span> <span class='ocrx_word' id='word_1_34' title='bbox 866 815 991 875; x_wconf 90' lang='lat' dir='ltr'><strong>eosdem</strong></span> <span class='ocrx_word' id='word_1_35' title='bbox 1013 834 1109 894; x_wconf 87' lang='lat' dir='ltr'><strong>prope</strong></span> <span class='ocrx_word' id='word_1_36' title='bbox 1134 816 1217 876; x_wconf 89' lang='lat' dir='ltr'><strong>diem</strong></span> <span class='ocrx_word' id='word_1_37' title='bbox 1243 817 1329 876; x_wconf 90' lang='lat' dir='ltr'><strong>domi</strong></span> 
     </span>
     <span class='ocr_line' id='line_1_6' title="bbox 241 919 1329 997; baseline 0.007 -23"><span class='ocrx_word' id='word_1_38' title='bbox 241 929 256 974; x_wconf 82' lang='lat' dir='ltr'><strong>s</strong></span> <span class='ocrx_word' id='word_1_39' title='bbox 276 919 412 980; x_wconf 85' lang='lat' dir='ltr'><strong>visuram</strong></span> <span class='ocrx_word' id='word_1_40' title='bbox 423 920 566 994; x_wconf 88' lang='lat' dir='ltr'><strong>honores,</strong></span> <span class='ocrx_word' id='word_1_41' title='bbox 582 938 661 997; x_wconf 89' lang='lat' dir='ltr'><strong>quos</strong></span> <span class='ocrx_word' id='word_1_42' title='bbox 682 920 767 997; x_wconf 88' lang='lat' dir='ltr'><strong>apud</strong></span> <span class='ocrx_word' id='word_1_43' title='bbox 788 938 923 979; x_wconf 87' lang='lat' dir='ltr'><strong>sororem</strong></span> <span class='ocrx_word' id='word_1_44' title='bbox 942 919 1056 984; x_wconf 87' lang='lat' dir='ltr'><strong>videat.</strong></span> <span class='ocrx_word' id='word_1_45' title='bbox 1098 921 1177 981; x_wconf 94' lang='lat' dir='ltr'><strong>Inde</strong></span> <span class='ocrx_word' id='word_1_46' title='bbox 1196 921 1329 982; x_wconf 78' lang='lat' dir='ltr'><strong>consilia</strong></span> 
     </span>
     <span class='ocr_line' id='line_1_7' title="bbox 273 1024 1329 1103; baseline 0.004 -21"><span class='ocrx_word' id='word_1_47' title='bbox 273 1024 354 1084; x_wconf 91' lang='lat' dir='ltr'><strong>inire</strong></span> <span class='ocrx_word' id='word_1_48' title='bbox 375 1043 445 1085; x_wconf 88' lang='lat' dir='ltr'><strong>oum</strong></span> <span class='ocrx_word' id='word_1_49' title='bbox 467 1043 581 1102; x_wconf 85' lang='lat' dir='ltr'><strong>genero</strong></span> <span class='ocrx_word' id='word_1_50' title='bbox 602 1025 706 1103; x_wconf 83' lang='lat' dir='ltr'><strong>eoepit</strong></span> <span class='ocrx_word' id='word_1_51' title='bbox 727 1025 870 1086; x_wconf 88' lang='lat' dir='ltr'><strong>adhibito</strong></span> <span class='ocrx_word' id='word_1_52' title='bbox 891 1026 928 1087; x_wconf 87' lang='lat' dir='ltr'><strong>L.</strong></span> <span class='ocrx_word' id='word_1_53' title='bbox 947 1026 1064 1100; x_wconf 82' lang='lat' dir='ltr'><strong>Sextio,</strong></span> <span class='ocrx_word' id='word_1_54' title='bbox 1080 1032 1188 1086; x_wconf 87' lang='lat' dir='ltr'><strong>strenu</strong></span> <span class='ocrx_word' id='word_1_55' title='bbox 1209 1026 1329 1086; x_wconf 87' lang='lat' dir='ltr'><strong>adules-</strong></span> 
     </span>
     <span class='ocr_line' id='line_1_8' title="bbox 274 1130 1272 1208; baseline 0.002 -20"><span class='ocrx_word' id='word_1_56' title='bbox 274 1135 363 1190; x_wconf 90' lang='lat' dir='ltr'><strong>oente</strong></span> <span class='ocrx_word' id='word_1_57' title='bbox 378 1135 410 1189; x_wconf 91' lang='lat' dir='ltr'><strong>et</strong></span> <span class='ocrx_word' id='word_1_58' title='bbox 424 1131 512 1192; x_wconf 88' lang='lat' dir='ltr'><strong>ouius</strong></span> <span class='ocrx_word' id='word_1_59' title='bbox 529 1131 595 1208; x_wconf 86' lang='lat' dir='ltr'><strong>spei</strong></span> <span class='ocrx_word' id='word_1_60' title='bbox 611 1130 692 1189; x_wconf 91' lang='lat' dir='ltr'><strong>nihil</strong></span> <span class='ocrx_word' id='word_1_61' title='bbox 708 1137 832 1208; x_wconf 89' lang='lat' dir='ltr'><strong>praeter</strong></span> <span class='ocrx_word' id='word_1_62' title='bbox 847 1149 943 1207; x_wconf 87' lang='lat' dir='ltr'><strong>genus</strong></span> <span class='ocrx_word' id='word_1_63' title='bbox 958 1131 1126 1208; x_wconf 82' lang='lat' dir='ltr'><strong>patricium</strong></span> <span class='ocrx_word' id='word_1_64' title='bbox 1141 1132 1272 1192; x_wconf 76' lang='lat' dir='ltr'><strong>deesset.</strong></span> 
     </span>
     <span class='ocr_line' id='line_1_9' title="bbox 314 1235 1327 1314; baseline 0 -18"><span class='ocrx_word' id='word_1_65' title='bbox 314 1235 443 1296; x_wconf 85' lang='lat' dir='ltr'><strong>Oooasio</strong></span> <span class='ocrx_word' id='word_1_66' title='bbox 464 1236 630 1297; x_wconf 86' lang='lat' dir='ltr'><strong>videbatur</strong></span> <span class='ocrx_word' id='word_1_67' title='bbox 658 1254 761 1296; x_wconf 89' lang='lat' dir='ltr'><strong>rerum</strong></span> <span class='ocrx_word' id='word_1_68' title='bbox 783 1236 997 1296; x_wconf 82' lang='lat' dir='ltr'><strong>novandarum</strong></span> <span class='ocrx_word' id='word_1_69' title='bbox 1018 1241 1147 1314; x_wconf 88' lang='lat' dir='ltr'><strong>propter</strong></span> <span class='ocrx_word' id='word_1_70' title='bbox 1167 1236 1327 1313; x_wconf 86' lang='lat' dir='ltr'><strong>ingentem</strong></span> 
     </span>
     <span class='ocr_line' id='line_1_10' title="bbox 273 1339 1328 1418; baseline 0.001 -20"><span class='ocrx_word' id='word_1_71' title='bbox 273 1340 339 1398; x_wconf 86' lang='lat' dir='ltr'><strong>vim</strong></span> <span class='ocrx_word' id='word_1_72' title='bbox 363 1340 444 1401; x_wconf 88' lang='lat' dir='ltr'><strong>aeris</strong></span> <span class='ocrx_word' id='word_1_73' title='bbox 468 1340 574 1415; x_wconf 83' lang='lat' dir='ltr'><strong>alieni,</strong></span> <span class='ocrx_word' id='word_1_74' title='bbox 599 1340 688 1400; x_wconf 89' lang='lat' dir='ltr'><strong>onius</strong></span> <span class='ocrx_word' id='word_1_75' title='bbox 712 1339 857 1400; x_wconf 85' lang='lat' dir='ltr'><strong>levamen</strong></span> <span class='ocrx_word' id='word_1_76' title='bbox 880 1341 956 1400; x_wconf 89' lang='lat' dir='ltr'><strong>mali</strong></span> <span class='ocrx_word' id='word_1_77' title='bbox 979 1339 1085 1418; x_wconf 88' lang='lat' dir='ltr'><strong>plebes</strong></span> <span class='ocrx_word' id='word_1_78' title='bbox 1110 1341 1174 1401; x_wconf 89' lang='lat' dir='ltr'><strong>nisi</strong></span> <span class='ocrx_word' id='word_1_79' title='bbox 1199 1341 1264 1402; x_wconf 90' lang='lat' dir='ltr'><strong>suis</strong></span> <span class='ocrx_word' id='word_1_80' title='bbox 1293 1340 1328 1400; x_wconf 90' lang='lat' dir='ltr'><strong>in</strong></span> 
     </span>
     <span class='ocr_line' id='line_1_11' title="bbox 226 1445 1328 1524; baseline 0.001 -18"><span class='ocrx_word' id='word_1_81' title='bbox 226 1461 254 1506; x_wconf 78' lang='grc' dir='ltr'><strong>ιο</strong></span> <span class='ocrx_word' id='word_1_82' title='bbox 274 1464 395 1506; x_wconf 91' lang='lat' dir='ltr'><strong>summo</strong></span> <span class='ocrx_word' id='word_1_83' title='bbox 416 1445 548 1524; x_wconf 89' lang='lat' dir='ltr'><strong>imperio</strong></span> <span class='ocrx_word' id='word_1_84' title='bbox 571 1445 682 1506; x_wconf 88' lang='lat' dir='ltr'><strong>looatis</strong></span> <span class='ocrx_word' id='word_1_85' title='bbox 706 1445 827 1506; x_wconf 87' lang='lat' dir='ltr'><strong>nullum</strong></span> <span class='ocrx_word' id='word_1_86' title='bbox 851 1451 1006 1523; x_wconf 88' lang='lat' dir='ltr'><strong>speraret:</strong></span> <span class='ocrx_word' id='word_1_87' title='bbox 1037 1445 1261 1521; x_wconf 80' lang='lat' dir='ltr'><strong>accingendum</strong></span> <span class='ocrx_word' id='word_1_88' title='bbox 1286 1448 1328 1507; x_wconf 86' lang='lat' dir='ltr'><strong>ad</strong></span> 
     </span>
     <span class='ocr_line' id='line_1_12' title="bbox 273 1550 1325 1627; baseline -0.002 -15"><span class='ocrx_word' id='word_1_89' title='bbox 273 1569 341 1612; x_wconf 90' lang='lat' dir='ltr'><strong>eam</strong></span> <span class='ocrx_word' id='word_1_90' title='bbox 355 1551 576 1627; x_wconf 75' lang='lat' dir='ltr'><strong>cogitationem</strong></span> <span class='ocrx_word' id='word_1_91' title='bbox 591 1569 675 1625; x_wconf 84' lang='lat' dir='ltr'><strong>esse3</strong></span> <span class='ocrx_word' id='word_1_92' title='bbox 698 1551 839 1610; x_wconf 84' lang='lat' dir='ltr'><strong>conando</strong></span> <span class='ocrx_word' id='word_1_93' title='bbox 856 1551 1037 1627; x_wconf 85' lang='lat' dir='ltr'><strong>agendoque</strong></span> <span class='ocrx_word' id='word_1_94' title='bbox 1053 1550 1116 1610; x_wconf 84' lang='lat' dir='ltr'><strong>iam</strong></span> <span class='ocrx_word' id='word_1_95' title='bbox 1136 1569 1174 1610; x_wconf 91' lang='lat' dir='ltr'><strong>eo</strong></span> <span class='ocrx_word' id='word_1_96' title='bbox 1195 1552 1325 1626; x_wconf 85' lang='lat' dir='ltr'><strong>gradum</strong></span> 
     </span>
     <span class='ocr_line' id='line_1_13' title="bbox 272 1655 1326 1734; baseline 0 -18"><span class='ocrx_word' id='word_1_97' title='bbox 272 1657 387 1717; x_wconf 85' lang='lat' dir='ltr'><strong>feoisse</strong></span> <span class='ocrx_word' id='word_1_98' title='bbox 414 1655 563 1734; x_wconf 86' lang='lat' dir='ltr'><strong>plebeios,</strong></span> <span class='ocrx_word' id='word_1_99' title='bbox 588 1656 681 1730; x_wconf 88' lang='lat' dir='ltr'><strong>unde,</strong></span> <span class='ocrx_word' id='word_1_100' title='bbox 707 1655 735 1715; x_wconf 90' lang='lat' dir='ltr'><strong>si</strong></span> <span class='ocrx_word' id='word_1_101' title='bbox 762 1674 853 1733; x_wconf 87' lang='lat' dir='ltr'><strong>porro</strong></span> <span class='ocrx_word' id='word_1_102' title='bbox 881 1656 1074 1730; x_wconf 78' lang='lat' dir='ltr'>adnitantur,</span> <span class='ocrx_word' id='word_1_103' title='bbox 1099 1656 1262 1733; x_wconf 87' lang='lat' dir='ltr'><strong>pervenire</strong></span> <span class='ocrx_word' id='word_1_104' title='bbox 1285 1657 1326 1716; x_wconf 92' lang='lat' dir='ltr'><strong>ad</strong></span> 
     </span>
    </p>
   </div>
   <div class='ocr_carea' id='block_1_3' title="bbox 273 1760 1500 1842">
    <p class='ocr_par' dir='ltr' id='par_1_3' title="bbox 273 1760 1500 1842">
     <span class='ocr_line' id='line_1_14' title="bbox 273 1760 1500 1842; baseline -0.001 -20"><span class='ocrx_word' id='word_1_105' title='bbox 273 1779 396 1822; x_wconf 87' lang='lat' dir='ltr'><strong>summa</strong></span> <span class='ocrx_word' id='word_1_106' title='bbox 406 1767 438 1842; x_wconf 78' lang='lat' dir='ltr'><strong>et</strong></span> <span class='ocrx_word' id='word_1_107' title='bbox 448 1760 592 1840; x_wconf 89' lang='lat' dir='ltr'><strong>patribus</strong></span> <span class='ocrx_word' id='word_1_108' title='bbox 607 1760 732 1837; x_wconf 81' lang='lat' dir='ltr'><strong>aequari</strong></span> <span class='ocrx_word' id='word_1_109' title='bbox 744 1767 811 1820; x_wconf 87' lang='lat' dir='ltr'><strong>tam</strong></span> <span class='ocrx_word' id='word_1_110' title='bbox 822 1760 938 1820; x_wconf 89' lang='lat' dir='ltr'><strong>bonore</strong></span> <span class='ocrx_word' id='word_1_111' title='bbox 949 1779 1041 1838; x_wconf 90' lang='lat' dir='ltr'><strong>quam</strong></span> <span class='ocrx_word' id='word_1_112' title='bbox 1058 1760 1175 1820; x_wconf 86' lang='lat' dir='ltr'><strong>virtute</strong></span> <span class='ocrx_word' id='word_1_113' title='bbox 1186 1767 1324 1838; x_wconf 75' lang='lat' dir='ltr'><strong>possent.</strong></span> <span class='ocrx_word' id='word_1_114' title='bbox 1386 1785 1388 1788; x_wconf 93' lang='lat'>·</span> <span class='ocrx_word' id='word_1_115' title='bbox 1499 1787 1500 1794; x_wconf 47' lang='lat'>¹</span> 
     </span>
    </p>
   </div>
   <div class='ocr_carea' id='block_1_4' title="bbox 224 1864 1328 3204">
    <p class='ocr_par' dir='ltr' id='par_1_4' title="bbox 224 1864 1328 3204">
     <span class='ocr_line' id='line_1_15' title="bbox 313 1864 1327 1945; baseline 0.001 -20"><span class='ocrx_word' id='word_1_116' title='bbox 313 1867 354 1926; x_wconf 92' lang='lat' dir='ltr'><strong>In</strong></span> <span class='ocrx_word' id='word_1_117' title='bbox 374 1866 553 1945; x_wconf 87' lang='lat' dir='ltr'><strong>praesentia</strong></span> <span class='ocrx_word' id='word_1_118' title='bbox 572 1865 715 1926; x_wconf 87' lang='lat' dir='ltr'><strong>tribunos</strong></span> <span class='ocrx_word' id='word_1_119' title='bbox 737 1864 838 1942; x_wconf 92' lang='lat' dir='ltr'><strong>plebis</strong></span> <span class='ocrx_word' id='word_1_120' title='bbox 852 1865 921 1925; x_wconf 88' lang='lat' dir='ltr'><strong>fieri</strong></span> <span class='ocrx_word' id='word_1_121' title='bbox 935 1864 1063 1943; x_wconf 87' lang='lat' dir='ltr'><strong>plaouit,</strong></span> <span class='ocrx_word' id='word_1_122' title='bbox 1078 1884 1141 1943; x_wconf 94' lang='lat' dir='ltr'><strong>quo</strong></span> <span class='ocrx_word' id='word_1_123' title='bbox 1160 1865 1194 1924; x_wconf 92' lang='lat' dir='ltr'><strong>in</strong></span> <span class='ocrx_word' id='word_1_124' title='bbox 1216 1866 1327 1942; x_wconf 85' lang='lat' dir='ltr'><strong>magis-</strong></span> 
     </span>
     <span class='ocr_line' id='line_1_16' title="bbox 226 1969 1327 2048; baseline 0 -17"><span class='ocrx_word' id='word_1_125' title='bbox 226 1986 254 2031; x_wconf 85' lang='lat' dir='ltr'><strong>1s</strong></span> <span class='ocrx_word' id='word_1_126' title='bbox 272 1977 358 2032; x_wconf 87' lang='lat' dir='ltr'><strong>tratu</strong></span> <span class='ocrx_word' id='word_1_127' title='bbox 373 1971 499 2032; x_wconf 90' lang='lat' dir='ltr'><strong>sibimet</strong></span> <span class='ocrx_word' id='word_1_128' title='bbox 518 1971 580 2048; x_wconf 90' lang='lat' dir='ltr'><strong>ipsi</strong></span> <span class='ocrx_word' id='word_1_129' title='bbox 595 1970 679 2031; x_wconf 82' lang='lat' dir='ltr'><strong>viam</strong></span> <span class='ocrx_word' id='word_1_130' title='bbox 695 1971 734 2030; x_wconf 91' lang='lat' dir='ltr'><strong>ad</strong></span> <span class='ocrx_word' id='word_1_131' title='bbox 749 1977 867 2030; x_wconf 85' lang='lat' dir='ltr'><strong>eeteros</strong></span> <span class='ocrx_word' id='word_1_132' title='bbox 882 1969 1014 2031; x_wconf 85' lang='lat' dir='ltr'><strong>honores</strong></span> <span class='ocrx_word' id='word_1_133' title='bbox 1029 1970 1194 2048; x_wconf 88' lang='lat' dir='ltr'><strong>aperirent.</strong></span> <span class='ocrx_word' id='word_1_134' title='bbox 1238 1971 1327 2031; x_wconf 89' lang='lat' dir='ltr'><strong>Crea-</strong></span> 
     </span>
     <span class='ocr_line' id='line_1_17' title="bbox 272 2075 1325 2155; baseline -0.001 -18"><span class='ocrx_word' id='word_1_135' title='bbox 272 2077 361 2155; x_wconf 90' lang='lat' dir='ltr'><strong>tique</strong></span> <span class='ocrx_word' id='word_1_136' title='bbox 381 2076 500 2137; x_wconf 87' lang='lat' dir='ltr'><strong>tribuni</strong></span> <span class='ocrx_word' id='word_1_137' title='bbox 523 2075 556 2136; x_wconf 85' lang='lat' dir='ltr'><strong>O.</strong></span> <span class='ocrx_word' id='word_1_138' title='bbox 572 2075 713 2137; x_wconf 88' lang='lat' dir='ltr'><strong>Lioinius</strong></span> <span class='ocrx_word' id='word_1_139' title='bbox 735 2081 768 2135; x_wconf 91' lang='lat' dir='ltr'><strong>et</strong></span> <span class='ocrx_word' id='word_1_140' title='bbox 782 2077 817 2134; x_wconf 88' lang='lat' dir='ltr'><strong>L.</strong></span> <span class='ocrx_word' id='word_1_141' title='bbox 834 2076 960 2136; x_wconf 81' lang='lat' dir='ltr'><strong>Sextius</strong></span> <span class='ocrx_word' id='word_1_142' title='bbox 983 2075 1219 2154; x_wconf 87' lang='lat' dir='ltr'><strong>promulgavere</strong></span> <span class='ocrx_word' id='word_1_143' title='bbox 1240 2076 1325 2152; x_wconf 91' lang='lat' dir='ltr'><strong>leges</strong></span> 
     </span>
     <span class='ocr_line' id='line_1_18' title="bbox 273 2180 1325 2259; baseline -0.002 -16"><span class='ocrx_word' id='word_1_144' title='bbox 273 2201 380 2243; x_wconf 90' lang='lat' dir='ltr'><strong>omnes</strong></span> <span class='ocrx_word' id='word_1_145' title='bbox 400 2182 551 2243; x_wconf 87' lang='lat' dir='ltr'><strong>adversus</strong></span> <span class='ocrx_word' id='word_1_146' title='bbox 572 2199 646 2258; x_wconf 89' lang='lat' dir='ltr'><strong>opes</strong></span> <span class='ocrx_word' id='word_1_147' title='bbox 668 2180 871 2259; x_wconf 83' lang='lat' dir='ltr'><strong>patriciorum</strong></span> <span class='ocrx_word' id='word_1_148' title='bbox 892 2186 924 2241; x_wconf 91' lang='lat' dir='ltr'><strong>et</strong></span> <span class='ocrx_word' id='word_1_149' title='bbox 945 2199 1001 2258; x_wconf 88' lang='lat' dir='ltr'><strong>pro</strong></span> <span class='ocrx_word' id='word_1_150' title='bbox 1022 2180 1192 2241; x_wconf 89' lang='lat' dir='ltr'><strong>oommodis</strong></span> <span class='ocrx_word' id='word_1_151' title='bbox 1213 2180 1325 2259; x_wconf 89' lang='lat' dir='ltr'><strong>plebis,</strong></span> 
     </span>
     <span class='ocr_line' id='line_1_19' title="bbox 272 2286 1326 2364; baseline -0.001 -16"><span class='ocrx_word' id='word_1_152' title='bbox 272 2307 367 2348; x_wconf 85' lang='lat' dir='ltr'><strong>unam</strong></span> <span class='ocrx_word' id='word_1_153' title='bbox 382 2286 421 2347; x_wconf 90' lang='lat' dir='ltr'><strong>de</strong></span> <span class='ocrx_word' id='word_1_154' title='bbox 442 2305 511 2347; x_wconf 88' lang='lat' dir='ltr'><strong>aere</strong></span> <span class='ocrx_word' id='word_1_155' title='bbox 533 2286 645 2362; x_wconf 77' lang='lat' dir='ltr'><strong>aiieno,</strong></span> <span class='ocrx_word' id='word_1_156' title='bbox 659 2292 696 2346; x_wconf 92' lang='lat' dir='ltr'><strong>ut</strong></span> <span class='ocrx_word' id='word_1_157' title='bbox 716 2286 850 2346; x_wconf 90' lang='lat' dir='ltr'><strong>deduoto</strong></span> <span class='ocrx_word' id='word_1_158' title='bbox 872 2304 907 2346; x_wconf 92' lang='lat' dir='ltr'><strong>eo</strong></span> <span class='ocrx_word' id='word_1_159' title='bbox 926 2286 964 2345; x_wconf 90' lang='lat' dir='ltr'><strong>de</strong></span> <span class='ocrx_word' id='word_1_160' title='bbox 987 2286 1098 2364; x_wconf 83' lang='lat' dir='ltr'><strong>eapite,</strong></span> <span class='ocrx_word' id='word_1_161' title='bbox 1120 2287 1204 2363; x_wconf 91' lang='lat' dir='ltr'><strong>quod</strong></span> <span class='ocrx_word' id='word_1_162' title='bbox 1223 2286 1326 2347; x_wconf 89' lang='lat' dir='ltr'><strong>usuris</strong></span> 
     </span>
     <span class='ocr_line' id='line_1_20' title="bbox 273 2391 1326 2474; baseline -0.002 -21"><span class='ocrx_word' id='word_1_163' title='bbox 273 2398 527 2474; x_wconf 82' lang='lat' dir='ltr'><strong>pernumeratum</strong></span> <span class='ocrx_word' id='word_1_164' title='bbox 555 2397 646 2466; x_wconf 85' lang='lat' dir='ltr'><strong>esset,</strong></span> <span class='ocrx_word' id='word_1_165' title='bbox 671 2391 705 2450; x_wconf 93' lang='lat' dir='ltr'><strong>id</strong></span> <span class='ocrx_word' id='word_1_166' title='bbox 732 2392 816 2468; x_wconf 89' lang='lat' dir='ltr'><strong>quod</strong></span> <span class='ocrx_word' id='word_1_167' title='bbox 844 2397 1030 2469; x_wconf 86' lang='lat' dir='ltr'><strong>superesset,</strong></span> <span class='ocrx_word' id='word_1_168' title='bbox 1053 2391 1190 2451; x_wconf 88' lang='lat' dir='ltr'><strong>triennio</strong></span> <span class='ocrx_word' id='word_1_169' title='bbox 1217 2391 1326 2469; x_wconf 78' lang='lat' dir='ltr'><strong>aequis</strong></span> 
     </span>
     <span class='ocr_line' id='line_1_21' title="bbox 224 2495 1326 2578; baseline -0.002 -20"><span class='ocrx_word' id='word_1_170' title='bbox 224 2518 254 2564; x_wconf 73' lang='lat' dir='ltr'><strong>no</strong></span> <span class='ocrx_word' id='word_1_171' title='bbox 273 2497 476 2578; x_wconf 86' lang='lat' dir='ltr'><strong>pensionibus</strong></span> <span class='ocrx_word' id='word_1_172' title='bbox 502 2496 748 2574; x_wconf 74' lang='lat' dir='ltr'><strong>persolveretu13</strong></span> <span class='ocrx_word' id='word_1_173' title='bbox 771 2496 903 2556; x_wconf 88' lang='lat' dir='ltr'><strong>alteram</strong></span> <span class='ocrx_word' id='word_1_174' title='bbox 927 2495 966 2556; x_wconf 90' lang='lat' dir='ltr'><strong>de</strong></span> <span class='ocrx_word' id='word_1_175' title='bbox 992 2496 1084 2556; x_wconf 90' lang='lat' dir='ltr'><strong>modo</strong></span> <span class='ocrx_word' id='word_1_176' title='bbox 1112 2515 1265 2572; x_wconf 87' lang='lat' dir='ltr'><strong>agrorum,</strong></span> <span class='ocrx_word' id='word_1_177' title='bbox 1286 2515 1326 2556; x_wconf 90' lang='lat' dir='ltr'><strong>ne</strong></span> 
     </span>
     <span class='ocr_line' id='line_1_22' title="bbox 273 2601 1327 2683; baseline -0.004 -19"><span class='ocrx_word' id='word_1_178' title='bbox 273 2605 343 2683; x_wconf 88' lang='lat' dir='ltr'><strong>quis</strong></span> <span class='ocrx_word' id='word_1_179' title='bbox 358 2603 430 2682; x_wconf 89' lang='lat' dir='ltr'><strong>plus</strong></span> <span class='ocrx_word' id='word_1_180' title='bbox 446 2602 634 2680; x_wconf 85' lang='lat' dir='ltr'><strong>quingentas</strong></span> <span class='ocrx_word' id='word_1_181' title='bbox 648 2602 757 2677; x_wconf 88' lang='lat' dir='ltr'><strong>iugera</strong></span> <span class='ocrx_word' id='word_1_182' title='bbox 774 2601 840 2676; x_wconf 88' lang='lat' dir='ltr'><strong>agri</strong></span> <span class='ocrx_word' id='word_1_183' title='bbox 854 2601 1044 2679; x_wconf 88' lang='lat' dir='ltr'><strong>possideret;</strong></span> <span class='ocrx_word' id='word_1_184' title='bbox 1065 2602 1201 2676; x_wconf 85' lang='lat' dir='ltr'><strong>tertiam,</strong></span> <span class='ocrx_word' id='word_1_185' title='bbox 1217 2620 1256 2660; x_wconf 91' lang='lat' dir='ltr'><strong>ne</strong></span> <span class='ocrx_word' id='word_1_186' title='bbox 1273 2602 1327 2661; x_wconf 87' lang='lat' dir='ltr'><strong>tri-</strong></span> 
     </span>
     <span class='ocr_line' id='line_1_23' title="bbox 272 2706 1327 2788; baseline -0.005 -17"><span class='ocrx_word' id='word_1_187' title='bbox 272 2711 427 2771; x_wconf 90' lang='lat' dir='ltr'><strong>bunorum</strong></span> <span class='ocrx_word' id='word_1_188' title='bbox 445 2706 583 2767; x_wconf 91' lang='lat' dir='ltr'><strong>militum</strong></span> <span class='ocrx_word' id='word_1_189' title='bbox 603 2706 730 2767; x_wconf 80' lang='lat' dir='ltr'><strong>comitia</strong></span> <span class='ocrx_word' id='word_1_190' title='bbox 748 2706 859 2766; x_wconf 88' lang='lat' dir='ltr'><strong>fierent</strong></span> <span class='ocrx_word' id='word_1_191' title='bbox 874 2707 1099 2784; x_wconf 78' lang='lat' dir='ltr'><strong>consulumque</strong></span> <span class='ocrx_word' id='word_1_192' title='bbox 1118 2707 1228 2785; x_wconf 87' lang='lat' dir='ltr'><strong>utique</strong></span> <span class='ocrx_word' id='word_1_193' title='bbox 1246 2707 1327 2788; x_wconf 83' lang='lat' dir='ltr'><strong>aiter</strong></span> 
     </span>
     <span class='ocr_line' id='line_1_24' title="bbox 273 2810 1326 2893; baseline -0.005 -18"><span class='ocrx_word' id='word_1_194' title='bbox 273 2835 312 2876; x_wconf 84' lang='lat' dir='ltr'><strong>ex</strong></span> <span class='ocrx_word' id='word_1_195' title='bbox 326 2813 417 2893; x_wconf 89' lang='lat' dir='ltr'><strong>plebe</strong></span> <span class='ocrx_word' id='word_1_196' title='bbox 433 2817 764 2887; x_wconf 77' lang='lat' dir='ltr'><strong>crearetur‚-—ounota</strong></span> <span class='ocrx_word' id='word_1_197' title='bbox 778 2810 920 2887; x_wconf 85' lang='lat' dir='ltr'><strong>ingentia</strong></span> <span class='ocrx_word' id='word_1_198' title='bbox 933 2817 966 2870; x_wconf 88' lang='lat' dir='ltr'><strong>et</strong></span> <span class='ocrx_word' id='word_1_199' title='bbox 980 2829 1059 2888; x_wconf 88' lang='lat' dir='ltr'><strong>quae</strong></span> <span class='ocrx_word' id='word_1_200' title='bbox 1074 2811 1141 2871; x_wconf 89' lang='lat' dir='ltr'><strong>sine</strong></span> <span class='ocrx_word' id='word_1_201' title='bbox 1156 2812 1326 2872; x_wconf 80' lang='lat' dir='ltr'><strong>certamine</strong></span> 
     </span>
     <span class='ocr_line' id='line_1_25' title="bbox 272 2917 791 2995; baseline -0.01 -15"><span class='ocrx_word' id='word_1_202' title='bbox 272 2918 411 2980; x_wconf 87' lang='lat' dir='ltr'><strong>maximo</strong></span> <span class='ocrx_word' id='word_1_203' title='bbox 425 2917 561 2978; x_wconf 85' lang='lat' dir='ltr'><strong>obtineri</strong></span> <span class='ocrx_word' id='word_1_204' title='bbox 575 2935 638 2977; x_wconf 93' lang='lat' dir='ltr'><strong>non</strong></span> <span class='ocrx_word' id='word_1_205' title='bbox 652 2921 791 2995; x_wconf 88' lang='lat' dir='ltr'><strong>possent.</strong></span> 
     </span>
     <span class='ocr_line' id='line_1_26' title="bbox 224 3021 1328 3099; baseline -0.005 -11"><span class='ocrx_word' id='word_1_206' title='bbox 224 3043 253 3088; x_wconf 74' lang='lat' dir='ltr'><strong>ao</strong></span> <span class='ocrx_word' id='word_1_207' title='bbox 313 3023 461 3086; x_wconf 87' lang='lat' dir='ltr'><strong>Omnium</strong></span> <span class='ocrx_word' id='word_1_208' title='bbox 486 3022 583 3098; x_wconf 85' lang='lat' dir='ltr'><strong>igitur</strong></span> <span class='ocrx_word' id='word_1_209' title='bbox 612 3021 707 3083; x_wconf 91' lang='lat' dir='ltr'><strong>simul</strong></span> <span class='ocrx_word' id='word_1_210' title='bbox 730 3039 842 3097; x_wconf 85' lang='lat' dir='ltr'><strong>rerum,</strong></span> <span class='ocrx_word' id='word_1_211' title='bbox 868 3040 1000 3098; x_wconf 86' lang='lat' dir='ltr'><strong>quarum</strong></span> <span class='ocrx_word' id='word_1_212' title='bbox 1027 3021 1184 3082; x_wconf 84' lang='lat' dir='ltr'><strong>inmodica</strong></span> <span class='ocrx_word' id='word_1_213' title='bbox 1211 3021 1328 3099; x_wconf 78' lang='lat' dir='ltr'><strong>cupido</strong></span> 
     </span>
     <span class='ocr_line' id='line_1_27' title="bbox 272 3125 1328 3204; baseline -0.005 -13"><span class='ocrx_word' id='word_1_214' title='bbox 272 3131 355 3191; x_wconf 89' lang='lat' dir='ltr'><strong>inter</strong></span> <span class='ocrx_word' id='word_1_215' title='bbox 375 3127 523 3189; x_wconf 87' lang='lat' dir='ltr'><strong>mortales</strong></span> <span class='ocrx_word' id='word_1_216' title='bbox 544 3133 602 3203; x_wconf 89' lang='lat' dir='ltr'><strong>est,</strong></span> <span class='ocrx_word' id='word_1_217' title='bbox 618 3127 694 3203; x_wconf 87' lang='lat' dir='ltr'><strong>agri,</strong></span> <span class='ocrx_word' id='word_1_218' title='bbox 709 3126 868 3204; x_wconf 82' lang='lat' dir='ltr'><strong>pecuniae,</strong></span> <span class='ocrx_word' id='word_1_219' title='bbox 884 3125 1036 3186; x_wconf 90' lang='lat' dir='ltr'><strong>honorum</strong></span> <span class='ocrx_word' id='word_1_220' title='bbox 1058 3126 1240 3187; x_wconf 80' lang='lat' dir='ltr'><strong>discrimine</strong></span> <span class='ocrx_word' id='word_1_221' title='bbox 1259 3147 1328 3204; x_wconf 83' lang='lat' dir='ltr'><strong>pro</strong></span> 
     </span>
    </p>
   </div>
   <div class='ocr_carea' id='block_1_5' title="bbox 223 3230 1327 3842">
    <p class='ocr_par' dir='ltr' id='par_1_5' title="bbox 223 3230 1327 3842">
     <span class='ocr_line' id='line_1_28' title="bbox 272 3230 1327 3316; baseline -0.004 -20"><span class='ocrx_word' id='word_1_222' title='bbox 272 3235 376 3316; x_wconf 90' lang='lat' dir='ltr'><strong>posito</strong></span> <span class='ocrx_word' id='word_1_223' title='bbox 390 3233 552 3294; x_wconf 81' lang='lat' dir='ltr'><strong>conterriti</strong></span> <span class='ocrx_word' id='word_1_224' title='bbox 563 3238 669 3311; x_wconf 85' lang='lat' dir='ltr'><strong>patres</strong></span> <span class='ocrx_word' id='word_1_225' title='bbox 679 3250 749 3291; x_wconf 90' lang='lat' dir='ltr'><strong>oum</strong></span> <span class='ocrx_word' id='word_1_226' title='bbox 760 3231 973 3308; x_wconf 84' lang='lat' dir='ltr'><strong>trepidassent</strong></span> <span class='ocrx_word' id='word_1_227' title='bbox 984 3230 1119 3309; x_wconf 85' lang='lat' dir='ltr'><strong>publiois</strong></span> <span class='ocrx_word' id='word_1_228' title='bbox 1131 3230 1327 3309; x_wconf 88' lang='lat' dir='ltr'><strong>privatisque</strong></span> 
     </span>
     <span class='ocr_line' id='line_1_29' title="bbox 272 3335 1327 3415; baseline -0.007 -12"><span class='ocrx_word' id='word_1_229' title='bbox 272 3339 423 3415; x_wconf 81' lang='lat' dir='ltr'><strong>consiliis,</strong></span> <span class='ocrx_word' id='word_1_230' title='bbox 446 3337 534 3398; x_wconf 93' lang='lat' dir='ltr'><strong>nullo</strong></span> <span class='ocrx_word' id='word_1_231' title='bbox 555 3337 693 3398; x_wconf 89' lang='lat' dir='ltr'><strong>remedio</strong></span> <span class='ocrx_word' id='word_1_232' title='bbox 714 3337 776 3396; x_wconf 83' lang='lat' dir='ltr'><strong>alio</strong></span> <span class='ocrx_word' id='word_1_233' title='bbox 797 3342 921 3413; x_wconf 89' lang='lat' dir='ltr'><strong>praeter</strong></span> <span class='ocrx_word' id='word_1_234' title='bbox 942 3343 1104 3413; x_wconf 84' lang='lat' dir='ltr'><strong>expertam</strong></span> <span class='ocrx_word' id='word_1_235' title='bbox 1128 3336 1239 3396; x_wconf 89' lang='lat' dir='ltr'><strong>multis</strong></span> <span class='ocrx_word' id='word_1_236' title='bbox 1264 3335 1327 3396; x_wconf 92' lang='lat' dir='ltr'><strong>iam</strong></span> 
     </span>
     <span class='ocr_line' id='line_1_30' title="bbox 272 3425 1327 3517; baseline -0.006 -9"><span class='ocrx_word' id='word_1_237' title='bbox 272 3453 346 3508; x_wconf 90' lang='lat' dir='ltr'><strong>ante</strong></span> <span class='ocrx_word' id='word_1_238' title='bbox 360 3443 584 3506; x_wconf 81' lang='lat' dir='ltr'><strong>certaminibus</strong></span> <span class='ocrx_word' id='word_1_239' title='bbox 605 3441 862 3502; x_wconf 81' lang='lat' dir='ltr'><strong>intercessionem</strong></span> <span class='ocrx_word' id='word_1_240' title='bbox 877 3425 1005 3501; x_wconf 89' lang='lat' dir='ltr'><strong>invento</strong></span> <span class='ocrx_word' id='word_1_241' title='bbox 1019 3441 1155 3517; x_wconf 79' lang='lat' dir='ltr'><strong>collegas</strong></span> <span class='ocrx_word' id='word_1_242' title='bbox 1176 3442 1327 3502; x_wconf 87' lang='lat' dir='ltr'><strong>adversus</strong></span> 
     </span>
     <span class='ocr_line' id='line_1_31' title="bbox 223 3546 1326 3625; baseline -0.004 -13"><span class='ocrx_word' id='word_1_243' title='bbox 223 3573 252 3619; x_wconf 78' lang='lat' dir='ltr'><strong>ao</strong></span> <span class='ocrx_word' id='word_1_244' title='bbox 273 3550 458 3612; x_wconf 76' lang='lat' dir='ltr'><strong>tribunicias</strong></span> <span class='ocrx_word' id='word_1_245' title='bbox 487 3548 664 3625; x_wconf 84' lang='lat' dir='ltr'><strong>rogationes</strong></span> <span class='ocrx_word' id='word_1_246' title='bbox 688 3553 946 3624; x_wconf 76' lang='lat' dir='ltr'><strong>conparaverunt.</strong></span> <span class='ocrx_word' id='word_1_247' title='bbox 996 3546 1056 3617; x_wconf 83' lang='lat' dir='ltr'><strong>Qui</strong></span> <span class='ocrx_word' id='word_1_248' title='bbox 1082 3546 1136 3607; x_wconf 92' lang='lat' dir='ltr'><strong>ubi</strong></span> <span class='ocrx_word' id='word_1_249' title='bbox 1160 3547 1262 3607; x_wconf 87' lang='lat' dir='ltr'><strong>tribus</strong></span> <span class='ocrx_word' id='word_1_250' title='bbox 1285 3548 1326 3608; x_wconf 92' lang='lat' dir='ltr'><strong>ad</strong></span> 
     </span>
     <span class='ocr_line' id='line_1_32' title="bbox 273 3652 1325 3733; baseline -0.006 -14"><span class='ocrx_word' id='word_1_251' title='bbox 273 3657 458 3733; x_wconf 84' lang='lat' dir='ltr'><strong>suffragium</strong></span> <span class='ocrx_word' id='word_1_252' title='bbox 479 3654 650 3714; x_wconf 87' lang='lat' dir='ltr'><strong>ineundum</strong></span> <span class='ocrx_word' id='word_1_253' title='bbox 671 3653 763 3713; x_wconf 88' lang='lat' dir='ltr'><strong>oitari</strong></span> <span class='ocrx_word' id='word_1_254' title='bbox 784 3672 804 3712; x_wconf 90' lang='lat' dir='ltr'><strong>a</strong></span> <span class='ocrx_word' id='word_1_255' title='bbox 824 3652 948 3712; x_wconf 83' lang='lat' dir='ltr'><strong>Licinio</strong></span> <span class='ocrx_word' id='word_1_256' title='bbox 973 3653 1142 3730; x_wconf 82' lang='lat' dir='ltr'><strong>Sextioque</strong></span> <span class='ocrx_word' id='word_1_257' title='bbox 1167 3652 1325 3728; x_wconf 86' lang='lat' dir='ltr'><strong>viderunt,</strong></span> 
     </span>
     <span class='ocr_line' id='line_1_33' title="bbox 273 3757 1327 3842; baseline -0.007 -17"><span class='ocrx_word' id='word_1_258' title='bbox 273 3764 384 3842; x_wconf 88' lang='lat' dir='ltr'><strong>stipati</strong></span> <span class='ocrx_word' id='word_1_259' title='bbox 399 3767 524 3841; x_wconf 83' lang='lat' dir='ltr'><strong>patrum</strong></span> <span class='ocrx_word' id='word_1_260' title='bbox 539 3759 705 3838; x_wconf 86' lang='lat' dir='ltr'><strong>praesidiis</strong></span> <span class='ocrx_word' id='word_1_261' title='bbox 720 3777 759 3818; x_wconf 91' lang='lat' dir='ltr'><strong>ne</strong></span> <span class='ocrx_word' id='word_1_262' title='bbox 774 3757 899 3818; x_wconf 82' lang='lat' dir='ltr'><strong>recitari</strong></span> <span class='ocrx_word' id='word_1_263' title='bbox 914 3759 1089 3833; x_wconf 85' lang='lat' dir='ltr'><strong>rogationes</strong></span> <span class='ocrx_word' id='word_1_264' title='bbox 1104 3776 1161 3818; x_wconf 88' lang='lat' dir='ltr'><strong>neo</strong></span> <span class='ocrx_word' id='word_1_265' title='bbox 1176 3757 1327 3818; x_wconf 90' lang='lat' dir='ltr'><strong>sollemne</strong></span> 
     </span>
    </p>
   </div>
   <div class='ocr_carea' id='block_1_6' title="bbox 0 0 1524 4278">
    <p class='ocr_par' dir='ltr' id='par_1_6' title="bbox 0 0 1524 4278">
     <span class='ocr_line' id='line_1_34' title="bbox 0 0 1524 4278; baseline 0 0"><span class='ocrx_word' id='word_1_266' title='bbox 0 0 1524 4278; x_wconf 95' lang='lat' dir='ltr'><strong> </strong></span> 
     </span>
    </p>
   </div>
  </div>
 </body>
</html>
