3038 4278
266 257 311 326 74
589 271 713 327 namu
738 271 987 327 ssuscrrous

265 442 386 504 scilicet
397 462 437 503 ne
448 461 504 520 per
514 442 613 502 otium
628 448 841 520 torpescerent
851 461 962 503 manus
974 447 1028 502 aut
1039 442 1172 518 animus,
1184 443 1320 518 gratuito

265 548 370 626 potius
385 547 486 631 malus
501 527 745 626 atque‘crudelis
756 534 835 608 erat.

304 653 361 713 Eis
386 653 495 713 amicis
521 651 676 731 sociisque
701 653 838 713 confisus
866 652 1014 728 Catilina,
1040 652 1133 736 simul
1159 654 1243 730 quod
1268 673 1320 715 aes

265 759 401 819 alienum
413 777 469 836 per
479 757 581 818 omnis
592 765 692 818 terras
704 758 815 842 ingens
827 763 894 818 erat
906 763 937 818 et
949 759 1032 835 quod
1043 758 1184 836 plerique
1197 758 1321 819 Sullani

231 862 392 938 omilites,
421 862 540 939 largius
570 882 627 925 suo
662 863 722 938 usi,
752 863 932 941 rapinarum
966 870 998 923 et
1025 863 1175 924 victoriae
1203 864 1320 925 veteris

264 987 416 1028 memores
431 968 525 1027 civile
538 968 656 1044 bellum
669 969 868 1046 exoptabant,
880 935 1106 1046 opprimundae
1120 959 1319 1047 reipublicae

264 1061 431 1134 consilium
450 1065 542 1150 cepit.
587 1074 626 1134 In
646 1073 744 1133 Italia
764 1073 870 1134 nullus
893 1073 1057 1149 exercitus,
1076 1075 1132 1134 Cn.
1150 1074 1319 1152 Pompeius

264 1179 297 1238 in
317 1179 466 1238 extremis
485 1175 578 1239 terris
597 1178 714 1242 bellum
735 1179 879 1255 gerebat,
902 1179 964 1256 ipsi
984 1178 1180 1242 consulatum
1198 1179 1319 1257 petenti

263 1303 377 1360 magna
388 1303 469 1362 spos,
482 1289 609 1344 senatus
618 1283 699 1342 nihil
711 1273 785 1343 sa'ne
795 1271 951 1343 interitus:
970 1289 1057 1344 tutae
1068 1284 1319 1362 tranquillaeque

216 1403 245 1448 10
263 1408 312 1450 res
327 1408 442 1464 omnes,
458 1390 514 1449 sed
527 1407 564 1448 ea
578 1407 704 1466 prorsus
719 1394 896 1466 opportuna
910 1379 1073 1448 Catilinae.

304 1495 408 1570 Igitur
429 1494 553 1554 circiter
575 1493 737 1554 Kalendas
759 1494 869 1554 Iunias
892 1495 926 1553 L.
945 1473 1077 1555 Caesare
1096 1499 1128 1554 et
1149 1495 1182 1554 C.
1206 1496 1320 1572 Figulo

264 1598 443 1660 consulibus
473 1599 575 1677 primo
608 1599 750 1675 singulos
782 1598 950 1676 appellare,
978 1597 1098 1658 hortari
1127 1600 1215 1673 alios,
1240 1601 1319 1661 alios

263 1710 434 1782 temptare;
458 1704 531 1782 opes
548 1723 630 1779 suas,
646 1704 834 1781 imparatam
849 1723 912 1763 rem
929 1704 1095 1781 publicam,
1108 1720 1220 1780 magna
1234 1723 1320 1783 prae

264 1793 327 1876 mia
348 1809 574 1869 coniurationis
598 1809 715 1868 docere.
771 1809 836 1869 Ubi
859 1809 937 1870 satis
961 1809 1123 1887 explorata
1142 1816 1217 1870 sunt
1239 1829 1319 1887 quae

217 1928 244 1973 1⁶
264 1914 374 1989 voluit,
391 1914 422 1972 in
437 1933 535 1974 unum
551 1915 653 1974 omnis
668 1920 819 1974 convocat
831 1914 945 1990 quibus
960 1933 1107 1974 maxuma
1120 1915 1319 1975 necessitudo

264 2025 297 2078 et
305 2020 486 2096 plurumum
497 2019 645 2079 audaciae
655 2019 787 2092 inerat,
804 2021 851 2078 Eo
860 2037 1031 2079 convenere
1041 2019 1191 2079 senatorii
1200 2020 1318 2080 ordinis

264 2125 299 2184 P.
323 2125 476 2184 Lentulus
501 2125 588 2198 Sura,
613 2125 648 2183 P.
671 2124 857 2200 Autronius,
877 2125 911 2183 L.
938 2124 1067 2185 Cassius
1090 2125 1260 2201 Longinus,
1284 2126 1318 2185 C.

265 2229 431 2305 Cethegus,
460 2230 494 2288 P.
519 2239 552 2288 et
577 2229 641 2288 Ser.
669 2229 776 2289 Sullae
803 2230 866 2289 Ser.
891 2229 960 2304 filii,
976 2230 1010 2289 L.
1037 2230 1258 2305 Vargunteius,
1282 2229 1317 2301 Q.

265 2335 399 2409 Annius,
416 2335 459 2392 M.
482 2334 611 2394 Porcius
634 2333 745 2408 Laeca,
761 2334 795 2393 L.
812 2334 929 2409 Bestia,
945 2335 980 2406 Q.
1003 2333 1134 2409 Curius3
1157 2340 1319 2412 praeterea

224 2455 302 2500 aoex
328 2439 467 2516 equestri
492 2440 600 2498 ordine
623 2440 666 2498 M.
697 2437 829 2499 Fulvius
857 2438 1011 2513 Nobilior,
1037 2440 1071 2498 L.
1103 2440 1258 2515 Statilius,
1282 2441 1316 2500 P.

264 2545 419 2605 Gabinius
442 2544 563 2622 Capito,
578 2544 611 2602 C.
629 2543 810 2618 Cornelius;
832 2543 872 2603 ad
894 2543 952 2603 hoc
973 2542 1066 2602 multi
1081 2563 1120 2603 ex
1140 2545 1272 2614 coloniis
1287 2551 1319 2604 et

264 2649 445 2728 municipiis
460 2650 545 2709 domi
566 2649 695 2709 nobiles.
739 2650 839 2708 Erant
860 2654 1019 2729 praeterea
1035 2649 1209 2726 complures
1224 2649 1321 2727 paulo
1336 2676 1341 2686 ·

264 2756 417 2816 occultius
445 2754 557 2815 consili
590 2753 720 2814 huiusce
747 2752 917 2832 participes
946 2753 1076 2829 nobiles,
1105 2732 1183 2831 quos
1218 2755 1318 2832 magis

264 2860 488 2921 dominationis
510 2878 582 2936 spes
597 2859 781 2919 hortabatur
796 2871 891 2934 quam
913 2857 1022 2936 inopia
1035 2865 1090 2919 aut
1111 2859 1173 2919 alia
1187 2860 1320 2920 necessi·

216 2982 245 3026 25
264 2967 350 3026 tudo.
393 2965 538 3024 Ceterum
560 2965 707 3024 iuventus
729 2962 887 3041 pleraque,
911 2964 967 3023 sed
989 2983 1133 3024 maxume
1155 2964 1318 3040 nobilium,

264 3071 419 3131 Catilinae
437 3069 572 3147 inceptis
593 3069 738 3144 favebat;
760 3068 875 3146 quibus
896 3069 931 3127 in
949 3069 1013 3129 otio
1025 3068 1075 3128 vel
1092 3069 1256 3146 magnifice
1268 3070 1318 3130 vel

264 3177 402 3236 molliter
419 3175 525 3235 vivere
543 3175 634 3252 copia
652 3180 727 3248 erat,
743 3174 865 3233 incerta
883 3193 939 3251 pro
960 3175 1064 3249 certis,
1082 3174 1200 3235 bellum
1223 3195 1318 3253 quam

264 3300 371 3359 paoem
385 3281 551 3341 malebant.
594 3281 693 3338 Fuere
705 3279 783 3338 item
792 3284 1025 3357 eatempestate
1034 3279 1089 3357 qui
1100 3281 1261 3340 crederent
1273 3283 1317 3341 M.

264 3387 423 3446 Licinium
435 3386 584 3446 Crassum
594 3404 657 3444 non
669 3384 812 3460 ignarum
829 3384 896 3444 eius
907 3384 1020 3444 consili
1034 3385 1149 3462 fuisse3
1171 3387 1247 3464 quia
1261 3388 1317 3447 Cn.

215 3506 244 3552 ao
272 3491 451 3570 Pompeius,
461 3491 582 3551 invisus
592 3489 664 3567 ipsi,
675 3507 820 3565 magnum
831 3489 1002 3549 exercitum
1012 3489 1169 3567 ductabat,
1179 3491 1319 3554 cuiusvis

264 3573 338 3674 opes
349 3595 486 3657 voluisse
498 3602 606 3656 contra
616 3594 703 3654 illius
713 3593 887 3672 potentiam
898 3613 1044 3670 crescere,
1054 3595 1148 3683 simul
1158 3590 1319 3674 confisum,

266 3702 293 3762 si
307 3701 482 3763 coniuratio
497 3700 658 3774 valuisset,
674 3698 768 3758 facile
783 3699 868 3776 apud
882 3685 954 3760 illos
968 3699 1143 3779 principem
1159 3718 1192 3762 se
1207 3702 1284 3764 fore.
