3038 4278
480 341 608 398 nrvr‘s
633 341 782 398 nonan
807 341 987 398 nrsronr
1220 329 1265 400 47

204 518 294 574 tanto
308 513 460 573 exercitui
478 533 569 574 suum
591 532 704 573 nomen
724 520 831 574 secuto
851 520 942 588 esset,
962 514 1118 574 concitato
1137 533 1217 592 equo
1232 535 1264 575 se

203 619 238 678 in
255 619 413 679 cohortem
435 620 609 679 Romanam
623 618 754 678 inmisit.
798 619 857 693 Ibi,
874 626 910 679 ut
927 625 1015 697 patre
1034 619 1215 679 Hamilcare
1232 626 1264 679 et

204 724 385 784 Hannibale
399 725 497 786 fratre
512 725 643 800 dignum
658 731 733 798 erat,
750 743 893 801 pugnans
909 725 1031 784 cecidit.

244 829 426 906 Numquam
445 848 483 889 eo
500 828 585 888 bello
603 848 666 889 una
684 831 749 889 acie
767 835 891 888 tantum
907 829 1046 890 hostium
1061 829 1263 890 interfectum

203 939 260 1008 est,
272 934 457 1011 redditaque
472 952 572 1012 aequa
586 934 744 995 Cannensi
759 933 865 994 clades
880 934 931 994 vel
943 935 1032 996 ducis
1044 935 1095 994 vel
1105 937 1262 996 exereitus
1281 949 1296 993 ὅ

202 1037 336 1098 interitu
349 1039 523 1098 videbatur.
567 1039 804 1116 Quinquaginta
819 1057 874 1099 sex
890 1039 978 1100 milia
992 1039 1132 1100 hostium
1151 1040 1261 1116 occisa,

202 1149 296 1221 capta
323 1144 462 1222 quinque
487 1143 578 1203 milia
601 1149 633 1202 et
655 1144 894 1221 quadringenti3
924 1163 1038 1221 magna
1058 1146 1175 1223 praeda
1198 1146 1262 1206 alia

202 1266 274 1307 cum
302 1249 403 1309 omnis
429 1249 560 1324 generis,
586 1254 657 1308 tum
679 1249 747 1309 auri
773 1248 869 1309 etiarn
893 1250 1089 1328 argentique.
1135 1251 1261 1312 Civium

202 1352 298 1412 etiam
312 1353 535 1428 Romanorum,
551 1353 606 1432 qui
624 1354 708 1431 capti
728 1355 811 1432 apud
829 1355 935 1415 hostes
951 1360 1050 1431 erant,
1066 1375 1160 1434 supra
1174 1363 1261 1433 quat

202 1463 274 1516 tuor
288 1457 378 1518 milia
396 1458 534 1535 capitum
553 1464 688 1536 recepta.
730 1459 770 1518 Id
786 1458 896 1520 solacii
916 1460 981 1519 fuit
1000 1479 1057 1538 pro
1078 1461 1202 1521 amissis
1224 1479 1261 1521 eo
1280 1473 1309 1518 10

201 1561 322 1640 proelio
349 1557 513 1622 militibus.
555 1564 638 1623 Nam
666 1563 912 1642 haudquaquam
940 1564 1104 1626 incruenta
1127 1565 1260 1625 victoria

202 1667 283 1726 fuit:
312 1673 382 1728 octo
410 1669 509 1728 ferme
537 1668 627 1729 milia
654 1668 867 1729 Romanorum
896 1669 1112 1747 sociorumque
1140 1673 1258 1747 occisa,

201 1771 340 1849 adeoque
360 1773 455 1834 etiam
471 1772 606 1834 victores
624 1773 786 1849 sanguinis
805 1773 971 1851 caedisque
988 1781 1114 1853 ceperat
1129 1775 1259 1836 satietas

201 1882 238 1935 ut
258 1883 384 1954 postero
404 1878 466 1954 die,
487 1897 559 1938 cum
578 1884 663 1938 esset
687 1879 865 1938 nuntiatum
889 1879 982 1939 Livio
1006 1879 1126 1940 consuli
1150 1880 1258 1940 Gallos

201 1981 381 2060 Cisalpinos
403 1983 597 2061 Liguresque
619 1983 674 2061 qui
695 1991 751 2044 aut
773 1983 892 2062 proelio
916 2003 980 2044 non
1001 1984 1180 2045 adfuissent
1204 1991 1259 2044 aut
1278 1995 1307 2040 15

201 2087 285 2146 inter
303 2087 428 2148 caedem
446 2089 631 2165 effugissent
651 2107 714 2148 uno
735 2089 859 2166 agmine
877 2089 963 2150 abire
983 2090 1050 2150 sine
1070 2096 1155 2150 certo
1171 2091 1256 2165 duce,

201 2191 269 2251 sine
284 2193 393 2269 signis,
409 2193 477 2254 sine
492 2193 601 2253 ordine
615 2193 682 2253 ullo
696 2201 751 2253 aut
765 2194 913 2271 imperi03
936 2194 964 2254 si
979 2213 1041 2254 una
1054 2195 1197 2272 equitum
1208 2195 1257 2256 ala

200 2297 356 2373 mittatur,
376 2317 468 2376 posse
489 2317 596 2358 omnes
616 2298 729 2358 deleri:
757 2299 974 2376 “Superum”
996 2299 1109 2376 inquit,
1134 2299 1258 2377 “aliqui

200 2402 306 2462 nuntii
319 2409 353 2462 et
365 2403 505 2463 hostium
519 2403 618 2463 cladis
633 2408 665 2463 et
678 2409 805 2464 nostrae
819 2403 976 2464 virtutis.''

241 2507 275 2568 C.
294 2507 445 2568 Claudius
459 2507 568 2568 consul
578 2527 654 2595 ‘cum
668 2509 703 2568 in
724 2514 827 2568 castra
843 2509 986 2583 redisset,
1005 2515 1100 2587 caput
1117 2509 1257 2571 Hasdru·
1276 2519 1306 2564 ao

200 2611 281 2673 balis
301 2614 385 2690 quod
400 2619 557 2674 servatum
573 2633 644 2673 curn
659 2632 734 2674 cura
748 2613 899 2673 attulerat
916 2614 1015 2691 proici
1030 2620 1103 2674 ante
1117 2615 1254 2675 hostium

200 2717 362 2791 stationes,
384 2719 588 2796 captivosque
608 2719 705 2779 Afros
723 2718 845 2779 vinctos
862 2724 898 2778 ut
919 2725 1008 2778 crant
1025 2721 1157 2794 ostendi,
1177 2721 1255 2781 duos
1354 2705 1357 2709 ⁴

200 2822 295 2882 etiam
306 2841 345 2882 ex
355 2822 395 2882 iis
408 2822 527 2884 solutos
537 2824 582 2883 ire
591 2825 632 2884 ad
643 2823 852 2884 Hannibalem
863 2830 896 2883 et
904 2842 1084 2902 expromere
1096 2845 1176 2903 quae
1186 2832 1256 2886 acta

199 2933 314 3003 essent,
335 2927 437 2989 iussit.
479 2928 651 3003 Hannibal,
672 2934 762 2988 tanto
784 2928 878 2988 simul
898 2929 1023 3007 publico
1041 2929 1255 3008 familiarique

199 3033 281 3093 ictus
290 3032 388 3108 luctu,
401 3051 567 3108 agnoscere
579 3053 612 3094 se
622 3034 780 3094 fortunam
793 3033 992 3110 Carthaginis
1004 3035 1105 3094 fertur
1117 3035 1253 3112 dixisse3
1275 3045 1304 3090 25
1331 3047 1334 3052 ·

199 3137 373 3215 castrisque
390 3138 463 3198 inde
483 3138 587 3214 motis,
607 3144 643 3198 ut
662 3139 766 3198 omnia
785 3138 904 3198 auxilia
920 3158 999 3217 quae
1021 3139 1138 3200 diffusa
1157 3140 1253 3202 latius
1307 3121 1311 3128 Ι

199 3243 281 3303 tueri
305 3261 368 3302 non
392 3250 517 3321 poterat
538 3243 572 3302 in
597 3249 772 3303 extromum
797 3243 911 3303 Italiae
934 3244 1085 3321 angulum
1110 3246 1253 3308 Bruttios

198 3348 406 3423 contraheret,
425 3355 458 3408 et
477 3349 723 3426 Metapontinos,
742 3348 903 3408 civitatem
923 3349 1111 3425 universam,
1134 3351 1252 3413 excitos

199 3452 325 3512 sedibus
340 3453 415 3528 suis,
431 3459 463 3513 et
478 3453 671 3514 Lucanorum
688 3452 743 3531 qui
764 3470 839 3512 suae
855 3453 988 3514 dicionis
1008 3460 1097 3514 erant
1113 3455 1147 3514 in
1163 3457 1254 3517 Brut-

199 3556 278 3616 tium
293 3575 402 3634 agrum
416 3558 567 3618 traduxit.
1272 3568 1301 3614 30
