3058 4284
542 310 728 367 oronno’s
751 309 935 365 narrans
1061 277 1065 283 ’
1170 329 1174 334 ,
1200 299 1265 366 125

208 484 315 544 horam
338 501 411 557 v111,
426 501 497 541 cum
512 481 617 541 omnia
640 479 816 556 maledicta,
831 499 942 542 versus
963 481 1097 559 denique
1112 481 1267 543 obscenis·

209 588 281 650 simi
309 588 342 647 in
371 586 515 648 Clodium
537 591 570 646 et
597 585 739 647 Clodiam
771 586 957 646 dicerentur.
1001 586 1061 646 Ille
1096 586 1205 647 furens
1233 594 1266 646 et

208 693 377 770 exsanguis
395 692 609 768 interrogabat
631 711 702 752 snos
724 691 758 750 in
779 691 914 752 clamore
929 691 999 770 ipso
1020 691 1092 770 quis
1113 699 1196 752 esset
1210 692 1263 771 qui

208 800 331 880 plebem
352 799 436 858 fame
457 804 590 857 necaret.
633 797 880 875 Respondebant
900 816 1027 876 operae:
1058 797 1264 874 ‘Pompeius’

208 905 285 978 Quis
296 903 531 964 Alexandream
542 903 588 962 ire
598 909 734 980 cuperet.
776 903 1039 980 Respondebant:
1057 903 1263 981 ‘Pompeius'
1283 919 1299 963 o

208 1011 306 1083 Quem
335 1009 380 1070 ire
408 1008 536 1070 vellent
579 1008 841 1086 Respondebant:
865 1008 1053 1069 ‘Crassum’
1095 1007 1128 1068 Is
1156 1007 1266 1068 aderat

209 1121 277 1175 tum
291 1114 406 1174 Miloni
421 1113 526 1174 animo
547 1132 610 1173 non
624 1113 733 1173 amico.
776 1114 865 1173 Hora
885 1113 952 1173 fere
973 1131 1056 1173 nona
1070 1112 1159 1190 quasi
1175 1111 1266 1188 signo

209 1221 283 1281 dato
297 1218 443 1282 Clodiani
457 1225 581 1279 nostros
596 1223 783 1296 consputare
804 1224 980 1296 coeperunt.
1023 1217 1153 1278 Exarsit
1167 1218 1264 1277 dolor.

210 1327 353 1401 Urg'uere
375 1324 425 1384 illi
445 1330 483 1384 ut
506 1324 575 1384 loco
596 1342 653 1384 nos
680 1329 850 1383 moverent.
895 1325 1010 1383 Factus
1038 1329 1088 1384 est
1109 1342 1128 1383 a
1148 1323 1265 1383 nostris

210 1430 365 1508 impetus;
388 1429 465 1505 fuga
485 1447 668 1507 operarum3
690 1429 808 1488 eiectus
829 1428 868 1488 de
882 1429 993 1489 rostris
1016 1427 1144 1489 Clodius
1159 1446 1266 1488 aenos
1287 1445 1316 1491 10

211 1541 416 1614 quoquotum
434 1534 574 1610 fugimus
589 1551 628 1593 ne
643 1533 720 1612 quid
741 1534 775 1593 in
790 1534 889 1594 turba
933 1533 1067 1594 Senatus
1090 1539 1218 1594 vocatus
1234 1533 1267 1592 in

209 1641 336 1701 curiam.
379 1639 548 1718 Pompeius
564 1639 700 1699 domum.
744 1639 855 1717 Neque
873 1657 930 1715 ego
943 1645 1049 1698 tamen
1064 1637 1098 1698 in
1113 1644 1266 1713 senatum,

210 1765 249 1806 ne
264 1751 319 1806 aut
333 1745 372 1805 de
390 1745 490 1806 tantis
504 1745 596 1805 rebus
610 1751 746 1804 tacerem
767 1751 822 1804 aut
844 1744 877 1802 in
898 1744 1048 1823 Pompeio
1069 1744 1267 1804 defendendo

211 1852 296 1930 (nam
312 1851 341 1910 is
352 1850 539 1928 carpebatur
553 1869 572 1910 a
586 1849 710 1924 Bibulo,
722 1849 866 1924 Curione,
878 1849 1027 1925 Favonio,
1041 1849 1174 1909 Servilio
1183 1848 1266 1930 filio)

210 1958 332 2019 animos
359 1957 508 2018 bonorum
538 1956 678 2016 virorum
711 1955 910 2016 offenderem.
953 1957 1017 2016 Res
1046 1956 1080 2014 in
1107 1961 1267 2034 posterum
1288 1971 1317 2016 ro

211 2063 311 2124 dilata
324 2068 383 2123 est.
425 2061 554 2122 Clodius
569 2061 603 2120 in
617 2060 794 2132 Quirinalia
808 2060 949 2139 prodixit
963 2061 1055 2120 diem.

251 2169 288 2228 A.
305 2169 334 2228 d.
350 2187 401 2228 vn
416 2167 464 2226 Id.
479 2166 569 2226 Febr.
586 2171 713 2226 senatus
733 2166 773 2226 ad
787 2166 947 2244 Apollinis
969 2166 1034 2227 fuit
1047 2172 1084 2226 ut
1098 2166 1267 2244 Pompeius

211 2274 343 2334 adesset.
384 2272 467 2332 Acta
487 2291 538 2331 res
565 2276 614 2331 est
641 2270 780 2348 graviter
801 2290 819 2330 a
840 2271 999 2350 Pompeio.
1040 2271 1088 2331 Eo
1109 2271 1160 2330 die
1184 2270 1266 2330 nihil

211 2379 387 2458 perfectum
414 2382 471 2438 est
513 2376 552 2436 A.
580 2376 611 2437 d.
639 2394 675 2436 vr
704 2376 753 2435 Id.
780 2376 872 2435 Febr.
896 2377 936 2436 ad
957 2375 1117 2455 Apollinis
1139 2381 1267 2436 senatus

211 2483 390 2544 consultum
419 2483 540 2543 iactum
561 2487 610 2542 est
630 2499 667 2541 ea
688 2499 767 2559 quae
788 2481 875 2541 facta
895 2486 1001 2541 essent
1022 2499 1048 2541 a.
1078 2481 1107 2540 d.
1130 2499 1195 2540 vrrr
1217 2481 1266 2540 Id.
1287 2499 1317 2546 no

210 2589 302 2650 Febr.
336 2593 445 2648 contra
478 2605 543 2647 rem
575 2585 732 2664 publicem
768 2605 835 2646 esse
871 2586 964 2646 facta
1021 2587 1067 2645 Eo
1102 2585 1153 2645 die
1188 2586 1267 2647 Cato

211 2693 411 2754 vehementer
425 2697 474 2753 est
495 2692 529 2751 in
543 2691 729 2769 Pompeium
750 2691 893 2752 invectus
908 2697 940 2751 et
961 2711 1031 2752 eum
1046 2691 1187 2752 oratione
1201 2709 1268 2769 per-

210 2804 307 2877 petua
326 2805 488 2876 tamquam
508 2816 594 2857 reum
623 2797 798 2872 accusavit;
821 2797 860 2856 de
888 2816 937 2856 me
965 2797 1067 2857 multa
1086 2814 1136 2857 me
1165 2795 1267 2857 invito

209 2921 280 2962 cum
295 2920 365 2961 mea
380 2919 502 2960 summa
515 2899 607 2960 laude
621 2899 721 2973 dixit,
744 2917 814 2958 cum
828 2897 915 2957 illius
930 2898 964 2957 in
978 2918 1027 2959 me
1042 2900 1207 2977 perfidiam
1222 2903 1266 2960 in-

209 3011 361 3085 creparet,
370 3004 497 3065 auditus
507 3010 557 3064 est
566 3023 679 3080 magno
691 3004 817 3063 silentio
827 3003 1059 3064 malevolorum.
1089 3007 1266 3085 Respondit
1286 3022 1316 3069 ac

211 3105 242 3166 ei
269 3105 472 3166 vehementer
492 3104 660 3182 Pompeius
689 3105 898 3183 Crassumque
927 3105 1094 3184 descripsit
1121 3108 1266 3186 dixitque

212 3217 319 3289 aperte
348 3229 381 3270 se
403 3209 603 3278 munitiorem
625 3209 665 3270 ad
687 3210 923 3270 custodiendam
954 3211 1053 3271 vitam
1081 3231 1168 3273 suam
1197 3213 1266 3273 fore

212 3335 306 3395 quam
321 3315 493 3377 Africanus
504 3293 619 3376 fuisset
630 3334 722 3394 quem
735 3315 768 3376 C.
779 3315 879 3377 Carbo
890 3315 1110 3377 interemisset
1152 3318 1266 3397 Itaque

211 3441 343 3499 magnae
364 3421 444 3481 mihi
458 3440 507 3494 res
529 3421 591 3482 iam
612 3421 732 3481 moveri
752 3421 949 3482 videbantur.
991 3423 1073 3482 Nam
1096 3423 1265 3503 Pompeius

211 3526 290 3587 baec
317 3526 476 3603 intellegit
510 3526 734 3605 nobiscumque
765 3527 983 3603 communicat,
1012 3527 1145 3591 insidias
1180 3531 1265 3591 vitae
1285 3551 1315 3598 30

213 3651 288 3694 suae
302 3632 380 3709 fieri,
396 3632 428 3693 C.
445 3633 595 3694 Catonem
610 3651 629 3692 a
643 3631 755 3693 Crasso
777 3632 955 3712 sustentari,
971 3632 1082 3694 Clodio
1100 3635 1265 3712 pecuniam

213 3737 419 3817 suppeditari,
434 3743 602 3816 utrumque
617 3743 649 3798 et
670 3737 709 3801 ab
724 3755 759 3802 co
774 3742 806 3803 et
820 3737 996 3819 acutione,
1012 3739 1126 3803 Bibulo
1143 3742 1266 3802 ceteris
