3038 4278
256 312 302 379 oo
517 271 525 289 '
579 322 703 378 mur
729 321 978 377 snrncrrors

257 498 360 553 castra
387 491 518 567 munita,
541 491 700 569 provisam
729 491 938 570 aquationem,
964 498 1067 552 tutum
1093 493 1133 552 ad
1158 511 1226 552 eam
1250 493 1310 553 iter

256 597 423 675 praesidiis
445 597 612 675 impositis,
627 597 790 674 explorata
810 596 893 657 circa
912 597 1029 657 omnia:
1052 617 1093 657 an
1107 597 1187 657 nihil
1210 599 1310 658 nostri

256 704 407 764 habentes
435 708 559 780 praeter
586 703 706 761 nudum
739 721 893 780 campum,
922 702 956 761 in
983 721 1045 780 quo
1079 707 1310 781 pugnaremus?

257 810 393 870 Maiores
413 810 510 868 vestri
529 815 633 869 castra
650 810 772 870 munita
790 814 915 888 portum
936 810 976 870 ad
994 829 1101 870 omnes
1116 828 1206 871 casus
1228 830 1312 870 exer-

223 931 238 976 c
256 915 338 975 citus
360 915 515 975 ducebant
537 933 615 990 esse,
625 914 708 974 unde
729 915 769 974 ad
792 934 929 993 pugnam
959 915 1089 990 exirent,
1115 935 1177 993 quo
1202 915 1310 976 iactati

256 1027 442 1100 tempestate
470 1041 594 1100 pugnae
621 1028 780 1100 receptum
808 1022 967 1083 haberent.
1011 1023 1087 1082 Ideo
1114 1040 1185 1081 cum
1213 1022 1311 1080 mnni-

256 1127 370 1187 mentis
393 1145 429 1187 ea
451 1127 650 1205 saepsissent,
673 1127 831 1204 praesidio
855 1146 979 1204 quoque
1006 1127 1112 1186 valido
1133 1126 1309 1201 firmabant,

256 1233 341 1310 quod
355 1232 410 1310 qui
430 1232 542 1293 castris
558 1239 673 1292 exutus
688 1238 763 1304 erat,
779 1231 904 1292 etiamsi
916 1231 1084 1310 pugnando
1094 1231 1160 1291 acie
1173 1230 1310 1305 vicisset,

256 1356 314 1415 pro
340 1338 425 1397 victo
453 1337 627 1397 haberetur.
670 1338 782 1398 Castra
813 1343 886 1396 sunt
920 1336 1034 1396 victori
1069 1334 1310 1413 receptaculum,

210 1455 238 1499 10
257 1445 341 1502 victo
369 1442 556 1520 perfugium.
599 1442 698 1511 Quam
733 1441 826 1501 multi
862 1442 1027 1515 exercitus,
1057 1440 1170 1518 quibus
1206 1440 1310 1499 minus

257 1567 405 1626 prospera
425 1566 548 1625 pugnae
570 1547 698 1607 fortuna
718 1547 790 1622 fuit,
805 1547 892 1606 intra
907 1546 1027 1606 vallum
1050 1544 1213 1623 compulsi,
1236 1551 1312 1604 tem·

257 1672 330 1731 pore
353 1672 418 1727 su0,
433 1651 590 1712 interdum
606 1658 764 1712 momento
778 1657 857 1730 post,
878 1651 1042 1728 eruptione
1056 1651 1142 1710 facta
1159 1649 1310 1710 victorem

257 1758 378 1818 hostem
394 1758 608 1836 pepulerunt?
648 1758 758 1817 Patria
771 1757 871 1817 altera
884 1762 934 1816 est
949 1755 1096 1816 militaris
1114 1756 1191 1815 haec
1211 1754 1309 1827 sedes,

256 1862 437 1940 vallumque
459 1882 515 1940 pro
537 1861 707 1936 moenibus
723 1867 755 1920 et
776 1861 945 1921 tentorium
968 1880 1059 1921 suum
1080 1859 1193 1936 cuique
1214 1858 1310 1918 militi

210 1966 367 2032 rodomus
387 1987 422 2027 ac
443 1973 573 2045 penates
588 1973 670 2026 sunt.
718 1965 791 2026 Sine
806 1966 872 2025 ulla
887 1967 959 2026 sede
974 1965 1046 2041 vagi
1061 1964 1309 2039 dimicassemus,

257 2079 293 2132 ut
307 2093 369 2150 quo
383 2073 517 2133 victores
533 2092 589 2132 nos
604 2072 836 2149 reciperemus?
880 2072 942 2131 His
957 2070 1196 2131 difficultatibus
1210 2076 1243 2129 et
1257 2069 1311 2128 im·

257 2178 446 2257 pedimentis
474 2196 596 2254 pugnae
623 2177 704 2235 illud
732 2177 908 2254 opponitur.
930 2179 932 2186 ’
951 2176 1033 2246 Quid
1062 2175 1090 2236 si
1116 2175 1217 2235 hostis
1251 2175 1311 2234 hac

258 2283 445 2360 interposita
465 2288 555 2342 noete
584 2282 725 2342 abisset?
774 2283 931 2352 Quantum
954 2300 1062 2340 rursus
1089 2281 1247 2358 sequendo
1275 2299 1311 2339 eo

258 2388 384 2466 penitus
418 2388 453 2446 in
486 2387 631 2447 ultimam
665 2386 884 2446 Macedoniarn
913 2386 1159 2446 exhauriendum
1194 2384 1311 2444 laboris

209 2511 239 2555 cc
258 2495 337 2553 erat!
373 2494 441 2569 Ego
469 2498 573 2553 autem
602 2511 702 2568 neque
731 2509 911 2551 mansurum
937 2510 1005 2550 enm
1033 2509 1133 2566 neque
1156 2490 1189 2548 in
1213 2490 1311 2550 aciem

257 2599 364 2676 copias
392 2599 578 2658 educturum
606 2597 705 2657 fuisse
739 2601 859 2656 certum
893 2595 1001 2670 habeo,
1031 2595 1058 2656 si
1094 2595 1202 2655 cedere
1237 2594 1311 2653 hinc

258 2704 430 2764 statuisset.
473 2703 595 2772 Quanto
623 2701 706 2761 enirn
737 2701 863 2761 facilius
899 2700 985 2760 abire
1012 2699 1076 2760 fuit
1104 2718 1173 2759 cum
1203 2699 1311 2777 procul

259 2809 446 2882 abessemus,
476 2826 570 2883 quam
598 2826 680 2866 nuno
708 2825 778 2865 cum
810 2805 844 2864 in
871 2804 1044 2865 cervicibus
1070 2807 1202 2864 sumus?
1244 2806 1311 2865 Nec

259 2913 385 2973 falleret
405 2933 461 2972 nos
483 2912 621 2971 interdiu
642 2918 696 2971 aut
718 2917 808 2971 nocte
832 2911 982 2970 abeundo,
1025 2908 1108 2980 Quid
1132 2915 1236 2970 autem
1262 2915 1312 2970 est

211 3033 240 3078 ac
258 3019 346 3078 nobis
375 3017 513 3097 optatius
542 3036 633 3092 qrrom
661 3026 693 3076 ct
720 3035 852 3094 quorum
880 3021 983 3076 castra
1006 3015 1148 3092 praealta
1172 3014 1311 3076 fluminis

259 3124 328 3202 ripa
348 3130 425 3198 tuta,
445 3122 529 3182 vallo
550 3122 678 3200 insuper
700 3127 808 3198 saepta
829 3140 864 3180 ac
886 3121 1002 3180 crebris
1025 3120 1175 3196 turribus,
1197 3139 1313 3198 oppug-

259 3248 333 3290 nare
354 3228 457 3288 adorti
478 3247 595 3302 sumus,
617 3246 670 3286 eos
690 3226 810 3287 relictis
832 3225 1044 3300 munimentis,
1068 3225 1191 3301 agmine
1212 3225 1312 3284 effuso

258 3335 409 3395 abeuntes
431 3333 464 3393 in
486 3333 668 3412 patentibus
690 3331 808 3409 campis
830 3331 869 3390 ab
890 3338 977 3406 tergo
997 3331 1199 3390 adoriamur?
1241 3331 1313 3389 Hae

259 3440 374 3500 dilatae
389 3458 512 3517 pugnae
526 3457 564 3498 ex
579 3439 724 3498 hesterno
739 3438 790 3496 die
801 3437 833 3496 in
848 3437 1035 3496 hodiernum
1047 3455 1158 3496 causae
1172 3436 1312 3496 fuerunt.

210 3557 240 3602 ³0
258 3546 404 3622 Pugnare
429 3545 510 3604 enim
541 3551 573 3605 et
607 3545 670 3622 ipsi
705 3543 785 3602 mihi
819 3543 935 3620 placet3
965 3549 997 3602 et
1031 3542 1110 3618 ideo,
1148 3542 1224 3619 quia
1257 3559 1313 3619 per

259 3653 414 3729 Enipeum
443 3670 565 3711 amnem
594 3656 702 3728 saepta
729 3649 769 3708 ad
796 3649 918 3709 hostem
946 3648 1000 3708 via
1026 3653 1102 3722 erat,
1128 3647 1191 3708 alio
1220 3646 1313 3720 saltu,

260 3757 388 3817 deiectis
402 3757 540 3816 hostium
560 3755 736 3835 praesidiis,
752 3774 867 3815 novum
881 3754 942 3814 iter
952 3752 1076 3832 aperni3
1098 3771 1199 3830 neque
1215 3752 1315 3832 prius-

259 3882 352 3940 quam
368 3861 563 3930 debellavero
577 3861 757 3921 absistam.’'
