3058 4284
543 364 728 421 CICERO’S
752 364 935 420 LETTERS
1197 355 1260 422 131

211 534 325 595 certior
340 554 409 595 sum
424 535 528 595 factus
543 536 678 596 Parthos
693 535 803 596 abillo
824 535 913 596 aditu
934 536 1150 615 Cappadociae
1171 536 1264 614 longe

212 642 329 715 abesse,
347 639 477 723 Ciliciae
495 640 595 718 magis
611 641 783 701 imminere.
826 642 939 719 Itaque
960 642 1126 702 confestim
1149 642 1210 703 iter
1231 643 1263 702 in

212 745 355 807 Ciliciam
370 745 433 805 feci
447 764 503 823 per
514 745 610 806 Tauri
625 745 725 824 pylas.
768 747 899 806 Tarsum
915 747 987 807 veni
1002 765 1028 806 a.
1048 747 1076 807 d.
1096 766 1138 807 111
1156 748 1265 809 Nonas

212 851 372 912 Octobres.
417 851 552 911 Indead
567 852 726 911 Amanum
739 852 887 911 contendi
903 852 957 930 qui
973 851 1096 931 Syriam
1117 872 1136 913 a
1153 853 1266 914 Cilicia

212 955 246 1014 in
261 975 412 1034 aquarum
426 956 563 1016 divertio
577 955 709 1033 dividit3
732 956 788 1033 qui
804 977 891 1018 mons
907 963 973 1017 erat
990 957 1131 1018 hostium
1152 959 1300 1037 plenust
1358 1012 1359 1024 .

213 1061 482 1139 sempiternorum.
526 1061 589 1122 Hic
612 1080 638 1121 a.
668 1062 697 1121 d.
727 1081 769 1120 111
797 1062 876 1123 Idus
897 1063 1020 1124 Octobr.
1043 1082 1191 1140 magnum
1211 1085 1266 1125 nu-

212 1185 330 1226 merum
346 1166 485 1226 hostium
499 1166 680 1228 occidimus.
722 1166 861 1227 Castella
880 1167 1093 1228 munitissima
1112 1175 1266 1230 nocturno

212 1270 375 1348 Pomptini
396 1271 543 1346 adventu,
565 1279 673 1332 nostro
697 1271 853 1331 matutino
881 1273 1029 1349 cepimus,
1058 1273 1263 1334 incendimus.

213 1376 424 1453 Imperatores
438 1376 591 1455 appellati
607 1396 724 1437 sumus.
767 1377 879 1437 Castra
889 1397 1004 1454 paucos
1017 1378 1084 1438 dies
1098 1379 1265 1440 habuimus

213 1500 249 1541 ea
268 1481 338 1558 ipsa
357 1500 436 1560 quae
456 1487 565 1542 contra
581 1482 712 1542 Darium
733 1481 885 1543 habuerat
904 1483 988 1560 apud
1007 1484 1112 1543 Issum
1131 1483 1266 1544 Alexan·
1287 1495 1316 1541 10

213 1586 277 1661 der,
293 1585 464 1663 imperator
478 1586 563 1646 haud
578 1587 672 1664 paulo
686 1587 796 1646 melior
810 1605 903 1665 quam
918 1593 974 1647 aut
987 1592 1023 1647 tu
1037 1595 1092 1648 aut
1106 1607 1172 1665 ego.
1214 1589 1265 1649 lbi

213 1691 280 1751 dies
296 1690 435 1768 quinque
450 1691 564 1751 morati
578 1691 702 1771 direpto
716 1697 748 1751 et
768 1697 893 1752 vastato
914 1691 1037 1752 Amano
1058 1693 1132 1754 inde
1154 1694 1263 1754 disces

212 1796 320 1856 simus.
364 1796 497 1855 Interim
514 1796 588 1874 (scis
604 1797 686 1856 enim
702 1796 764 1857 dici
779 1797 932 1874 quaedam
953 1803 961 1833 ‘
970 1800 1089 1872 πανικά,’
1109 1799 1172 1858 dici
1188 1799 1264 1860 item

212 1906 266 1962 ‘rt
280 1905 343 1962 κενὰ
357 1906 406 1962 τοῦ
419 1903 544 1979 πολέμου
552 1903 575 1982 ’)
594 1921 716 1961 rumore
736 1902 890 1962 adventus
908 1903 1009 1963 nostri
1027 1909 1059 1963 et
1081 1903 1189 1964 Cassio
1210 1905 1265 1981 qui

212 2005 385 2066 Antiochia
399 2006 564 2066 tenebatur
579 2007 703 2066 animus
718 2006 849 2066 accessit
867 2011 898 2066 et
916 2007 1044 2068 Parthis
1064 2008 1158 2067 timor
1174 2008 1267 2069 iniec-
1286 2022 1314 2067 ru

212 2117 335 2172 tuaest.
379 2111 492 2189 Itaque
514 2129 567 2171 eos
588 2112 734 2171 cedentes
756 2111 796 2171 ab
817 2111 932 2189 oppido
954 2111 1083 2172 Cassius
1104 2113 1265 2174 insecutus

212 2235 277 2276 rem
299 2216 377 2277 bene
399 2215 505 2292 gessit.
549 2217 616 2287 Qua
637 2216 670 2275 in
692 2217 769 2294 fuga
792 2235 906 2292 magna
933 2217 1120 2276 auctoritate
1150 2218 1264 2279 Osaces

212 2323 277 2382 dux
304 2320 493 2381 Parthorum
518 2322 634 2382 vulnus
659 2322 781 2400 accepit
802 2341 899 2400 eoque
921 2321 1043 2382 interiit
1064 2323 1172 2399 paucis
1193 2329 1265 2401 post

212 2426 330 2488 diebus.
372 2427 450 2486 Erat
474 2427 507 2486 in
534 2427 626 2505 Syria
650 2433 792 2487 nostrum
817 2445 930 2486 nomen
955 2427 989 2486 in
1018 2427 1126 2503 gratia.
1169 2429 1264 2490 Venit

211 2531 339 2592 iuterim
355 2531 504 2607 Bibulus3
527 2532 628 2606 credo,
644 2531 746 2592 voluit
763 2532 974 2610 appellatione
992 2533 1051 2593 hac
1067 2532 1155 2592 inani
1174 2534 1264 2595 nobis
1284 2545 1314 2591 aa

212 2655 280 2696 esse
304 2655 369 2714 par.
412 2637 450 2694 In
475 2637 582 2696 eodem
608 2637 731 2696 Amano
751 2637 856 2715 coepit
878 2636 1027 2697 loreolam
1052 2637 1086 2696 in
1107 2644 1265 2699 mustaceo

212 2759 369 2820 quaerere.
411 2741 456 2800 At
470 2741 525 2800 ille
540 2742 700 2802 cohortem
714 2742 849 2820 primam
863 2748 962 2802 totam
977 2743 1118 2821 perdidit
1131 2744 1265 2803 centuri-

211 2864 364 2924 onemque
379 2845 474 2924 primi
488 2846 547 2924 pili
561 2846 698 2906 nobilem
713 2847 762 2906 sui
777 2847 900 2924 generis
918 2847 1064 2906 Asinium
1087 2849 1263 2908 Dentonem

212 2957 244 3011 et
268 2951 405 3028 reliquos
429 2951 566 3012 cohortis
592 2951 732 3011 eiusdem
760 2958 792 3011 et
821 2952 890 3012 Sex.
921 2951 1088 3025 Lucilium,
1117 2955 1152 3013 Τ.
1183 2955 1264 3014 Gavi

212 3055 378 3134 Caepionis
398 3055 565 3133 locupletis
581 3062 613 3116 et
631 3055 790 3134 splendidi
810 3056 947 3118 hominis
969 3056 1078 3132 filium,
1102 3057 1262 3119 tribunum
1284 3078 1314 3123 25

213 3161 359 3221 militum.
403 3161 484 3221 Sane
499 3160 623 3238 plagam
639 3161 776 3221 odiosam
792 3168 955 3238 acceperat
969 3180 1040 3222 cum
1054 3181 1087 3222 re
1101 3141 1169 3223 tum
1190 3170 1265 3224 tem-

211 3285 295 3344 pore.
337 3266 404 3326 Nos
421 3267 461 3326 ad
482 3265 716 3341 Pindenissum,
738 3267 822 3344 quod
843 3266 995 3344 oppidum
1017 3269 1264 3330 munitissimum

212 3370 510 3430 Eleutherocilicum
538 3369 677 3430 omnium
706 3371 855 3431 memoria
882 3372 916 3431 in
946 3373 1042 3434 armis
1077 3374 1148 3434 fuit.
1193 3375 1265 3436 Feri

212 3475 356 3536 homines
371 3481 403 3536 et
418 3495 504 3536 acres
519 3482 552 3536 et
565 3476 709 3537 omnibus
724 3477 815 3537 rebus
835 3477 875 3536 ad
897 3477 1130 3539 defendendum
1152 3481 1263 3559 parati.

213 3580 377 3641 Cinximus
392 3581 476 3640 vallo
491 3587 523 3640 et
537 3581 640 3657 fossa;
664 3599 774 3658 aggere
789 3582 934 3658 maximo,
949 3583 1062 3658 uineis,
1076 3590 1162 3645 turre
1180 3585 1267 3646 altis·
1285 3605 1315 3650 eo

213 3685 303 3757 sima,
318 3703 432 3762 magua
450 3691 675 3746 tormentorum
697 3687 795 3764 copia,
817 3687 926 3748 multis
949 3688 1131 3766 sagittariis,
1153 3710 1266 3767 magno

213 3790 328 3865 labore,
353 3797 516 3868 apparatu,
540 3791 648 3852 multis
671 3792 785 3852 sauciis
806 3792 934 3869 nostris,
956 3793 1106 3854 incolumi
1126 3796 1266 3856 exercitu
