3038 4278
273 279 319 346 24
595 289 720 344 LATIN
744 287 994 345 §ELECTIONS

275 468 369 540 atquo
394 462 505 524 iisdem
530 460 680 539 auspiciis
705 466 853 535 creatum,
878 460 1066 521 verecundia
1089 461 1164 521 inde
1187 460 1327 538 inposita

275 574 323 628 est
356 567 478 627 senatui
511 585 550 627 ex
581 566 723 644 patribus
754 566 883 636 iubendi
913 565 1031 626 aediles
1060 565 1183 628 curules
1216 567 1324 626 creari.

275 674 392 748 Primo,
419 678 455 732 ut
487 672 618 732 alternis
649 672 740 734 annis
769 689 810 731 ex
840 671 931 750 plebe
963 671 1084 747 fierent,
1118 677 1325 748 convenerat;

274 783 384 857 postea
398 777 605 856 promiscuum
621 777 692 836 fuit.

538 964 590 1014 The
602 964 716 1015 dictator
730 967 747 992 “
756 962 824 1013 clavi
836 961 936 1028 figendi
947 963 1058 1014 Μεθ’

240 1114 255 1158 5
314 1098 346 1158 N
348 1116 382 1157 ec
399 1102 504 1158 tamen
523 1095 666 1156 ludorum
685 1095 821 1174 primum
840 1095 966 1156 initium
984 1095 1187 1173 procurandis
1204 1096 1328 1173 religio

275 1203 367 1264 nibus
379 1203 487 1262 datum
499 1207 554 1262 aut
564 1201 715 1277 religione
726 1201 846 1262 animos
857 1206 913 1262 aut
923 1219 1051 1279 corpora
1061 1201 1177 1262 morbis
1189 1201 1327 1279 levavit3

276 1309 352 1386 quin
369 1307 475 1382 etiam,
489 1325 559 1366 cum
577 1306 697 1366 medios
711 1306 795 1366 forte
811 1304 902 1366 ludos
920 1305 1020 1366 circus
1036 1307 1142 1366 Tiberi
1160 1308 1328 1385 superfuso

275 1414 429 1489 inrigatus
443 1411 626 1490 impedisset,
642 1411 675 1471 id
689 1429 771 1486 vero,
786 1411 874 1471 velut
888 1411 1006 1472 aversis
1021 1412 1084 1471 iarn
1099 1411 1148 1472 dis
1163 1431 1329 1491 aspernan-

275 1519 422 1596 tibusque
442 1517 618 1595 placamina
637 1516 711 1592 irae,
733 1521 882 1576 torrorem
903 1513 1072 1592 ingentem
1084 1517 1170 1578 fecit.
1214 1518 1328 1596 Itaque

228 1639 257 1685 10
275 1626 330 1686 Cn.
347 1623 487 1686 Genucio
504 1623 538 1680 L.
556 1621 693 1682 Aemilio
708 1621 900 1681 Mamercino
918 1621 1033 1682 iterum
1051 1622 1241 1699 consulibus,
1257 1642 1328 1684 cum

275 1729 469 1808 piaculorum
489 1727 588 1804 magis
610 1725 800 1804 conquisitio
822 1727 942 1786 animos
962 1746 1056 1805 quam
1079 1746 1207 1805 corpora
1227 1729 1329 1790 morbi

275 1835 453 1909 adficerent,
477 1833 645 1910 repetitum
671 1851 710 1892 ex
736 1831 892 1892 seniorum
918 1833 1066 1893 momoria
1090 1832 1213 1909 dicitur,
1236 1835 1330 1912 pesti-

275 1940 405 2000 lentiam
436 1938 591 2017 quoudam
624 1937 712 1998 clavo
743 1937 782 1997 ab
812 1937 964 1998 dictatore
996 1937 1060 1998 fixo
1089 1939 1238 1999 sedatam.
1281 1925 1346 2000 ila

275 2045 424 2121 religione
446 2045 600 2104 adductus
625 2048 752 2104 senatus
775 2042 960 2102 dictatorem
985 2042 1067 2104 clavi
1092 2043 1209 2119 figendi
1234 2063 1330 2106 causa

228 2163 257 2208 lu
275 2150 339 2211 dici
368 2149 469 2211 iussit.
510 2148 623 2208 Dictus
651 2149 686 2207 L.
713 2147 854 2207 Manlius
883 2148 1075 2225 Imperiosus
1100 2149 1135 2207 L.
1165 2148 1330 2210 Pinarium

275 2255 461 2331 magistrum
476 2253 619 2331 equiturn
634 2253 723 2313 dixit.
822 2303 824 2310 .

316 2361 383 2419 Lex
402 2365 528 2420 vetusta
545 2365 603 2433 est,
622 2358 734 2436 priscis
757 2358 873 2419 litteris
896 2350 1062 2435 verbisque
1081 2359 1207 2438 scripta,
1221 2366 1258 2420 ut
1274 2361 1330 2438 qui

276 2472 400 2544 praetor
422 2464 577 2524 maximus
603 2463 770 2524 sit-idibus
793 2463 1026 2541 Septembribus
1051 2465 1175 2524 clavum
1194 2471 1329 2545 pangat3

277 2571 341 2630 fixa
364 2570 428 2630 fuit
448 2570 559 2629 dextro
580 2569 672 2628 lateri
695 2569 780 2629 aedis
801 2568 888 2628 Iovis
911 2568 1023 2646 optimi
1046 2570 1186 2646 maximi,
1208 2590 1246 2630 ex
1267 2591 1331 2649 qua

228 2688 258 2733 20
277 2681 365 2753 parte
382 2675 544 2734 Minervae
560 2674 713 2751 templum
731 2680 787 2734 est.
829 2674 912 2732 Eum
928 2673 1061 2750 olavum,
1077 2675 1152 2752 quia
1169 2694 1257 2736 rarae
1274 2695 1330 2754 per

278 2799 314 2840 ea
335 2785 478 2858 tempora
502 2778 627 2838 litterae
649 2784 748 2853 erant,
772 2785 879 2839 notam
904 2779 1026 2838 numeri
1054 2798 1204 2840 annorum
1229 2780 1331 2841 fuisso

278 2887 386 2946 femmt
399 2903 496 2962 eoque
511 2883 672 2944 Minervae
686 2883 805 2961 templo
819 2884 953 2944 dicatam
969 2883 1078 2960 legem,
1094 2885 1172 2962 quia
1182 2905 1330 2946 numerus

278 2991 441 3050 Minervae
469 2989 631 3049 inventum
661 2988 710 3049 sit.
753 2988 905 3050 Volsiniis
930 3008 1053 3067 quoque
1077 2989 1182 3051 clavos
1209 2991 1331 3052 indices

279 3095 401 3156 numeri
426 3113 577 3154 annorum
601 3094 681 3154 fixos
706 3094 739 3154 in
764 3094 883 3173 templo
905 3095 1045 3169 Nortiae,
1069 3095 1220 3157 Etruscae
1244 3096 1330 3172 deae,

231 3211 261 3257 25
279 3219 448 3278 conparere
471 3199 604 3274 diligens
629 3199 742 3258 talium
770 3205 1038 3258 monumentorum
1065 3206 1173 3260 auctor
1203 3202 1332 3262 Cincius

280 3307 433 3366 adfirmat.
476 3305 629 3364 Horatius
651 3304 759 3364 consul
781 3323 818 3363 ea
839 3303 908 3379 lege
933 3304 1085 3382 templum
1108 3306 1193 3368 Iovis
1219 3307 1333 3385 optimi

282 3411 411 3472 maximi
440 3410 598 3470 dedicavit
625 3429 708 3470 anno
731 3415 803 3487 post
827 3428 915 3486 reges
944 3415 1087 3485 exact0s3
1109 3430 1128 3470 a
1152 3412 1333 3474 consulibus

282 3523 391 3596 postea
414 3517 454 3576 ad
475 3517 652 3591 dictatores,
675 3515 749 3594 quia
770 3517 870 3576 maius
895 3515 1061 3594 imperium
1083 3523 1160 3593 erat,
1184 3517 1334 3579 sollemne

283 3622 363 3683 clari
378 3622 495 3698 figendi
509 3621 698 3682 translatum
713 3628 771 3683 est.
814 3621 998 3682 Intermisso
1012 3622 1126 3683 deindo
1139 3643 1224 3684 more
1239 3625 1337 3700 digna

236 3747 265 3793 ao
283 3728 378 3789 etiam
403 3747 458 3806 per
486 3746 519 3790 se
546 3726 616 3787 visa
643 3745 702 3803 res,
727 3731 854 3805 propter
882 3745 975 3806 quam
1006 3726 1141 3792 dictator
1168 3735 1332 3792 crearetur.
