3038 4278
257 303 313 378 '52
590 323 715 379 namu
740 322 990 380 enuncrrous

267 500 304 554 ut
318 495 463 572 traditur,
479 501 571 556 antea
585 495 672 555 fama
692 493 852 554 clariorem
869 493 909 554 ad
928 497 1069 572 posteros
1090 499 1156 554 tam
1175 492 1322 570 religioso

267 600 444 660 ministerio
468 600 655 679 pudicitiam
683 599 768 660 fecit
811 599 876 658 Eae
901 617 956 676 per
981 617 1093 660 manus
1118 598 1321 660 succedentes

266 705 379 766 deinde
394 705 474 767 aliae
486 706 566 781 aliis,
581 705 665 766 omni
679 705 804 766 obviam
819 704 919 764 effusa
933 703 1070 778 civitate,
1084 703 1233 764 turibulis
1247 710 1322 764 ante

267 811 377 889 ianuas
386 811 498 890 positis
508 831 570 890 qua
580 810 817 889 praeferebatur
824 815 919 888 atque
930 827 1059 870 accenso
1067 816 1146 885 ture,
1158 815 1322 888 precautes

232 922 303 976 cut
327 917 435 978 volens
463 916 661 995 propitiaque
685 916 795 976 urbem
820 916 994 976 Romanam
1019 914 1124 991 iniret,
1152 914 1186 974 in
1200 916 1322 976 aedem

266 1022 424 1084 Victoriae
445 1041 525 1100 quae
545 1028 594 1082 est
612 1021 646 1082 in
667 1021 792 1082 Palatio
808 1020 966 1098 pertulere
979 1021 1070 1081 deam
1084 1039 1130 1099 pr.
1145 1039 1219 1081 non.
1233 1021 1322 1098 Apr,

266 1127 356 1205 isque
384 1127 452 1188 dies
480 1128 582 1188 festus
607 1127 679 1187 fuit.
722 1126 863 1204 Populus
896 1126 1046 1204 frequens
1074 1126 1157 1186 dona
1183 1125 1259 1188 deae
1287 1126 1322 1186 in

265 1232 427 1293 Palatium
450 1232 534 1308 tulit,
557 1231 847 1310 lectisterniumque
866 1237 898 1291 et
917 1231 985 1292 ludi
1005 1231 1103 1308 fuere,
1126 1231 1322 1308 Megalensia

266 1337 434 1415 appellata.

332 1532 484 1594 Hannibal,
494 1532 607 1595 saccina
618 1533 676 1583 thot
689 1532 730 1582 bis
743 1537 916 1594 conntrnmcn
928 1533 984 1582 will
995 1532 1095 1582 daliter
1106 1531 1162 1582 him
1173 1538 1200 1582 to
1212 1532 1254 1582 the

466 1623 598 1683 Romans,
608 1623 674 1684 fleas
687 1629 713 1673 to
725 1621 885 1683 Antiochus,
900 1621 1021 1686 Kianos
1030 1621 1118 1684 Syrio.

217 1770 246 1816 10
307 1752 368 1814 His
390 1753 507 1814 litteris
528 1752 619 1814 lectis
641 1753 746 1813 minus
765 1753 893 1814 terroris
915 1754 954 1814 ab
973 1752 1129 1831 Hispanis
1147 1758 1223 1828 erat,
1238 1754 1322 1814 unde

265 1858 376 1934 ingens
404 1857 522 1920 bellum
555 1864 753 1937 expectatum
789 1859 910 1934 fuerat3
946 1877 1054 1918 omnes
1082 1877 1184 1933 curae,
1212 1858 1322 1935 utiquc

265 1970 337 2042 post
357 1964 527 2025 adventum
549 1964 656 2024 decem
677 1963 859 2039 legatorum,
874 1963 908 2024 in
928 1963 1121 2024 Antiochum
1135 1981 1237 2039 regem
1253 1981 1322 2023 con-

264 2087 382 2130 versae.
426 2068 481 2144 Hi,
496 2069 648 2147 expositis
663 2068 750 2146 prius
771 2087 935 2146 quaecum
957 2067 1109 2146 Philippo
1130 2074 1201 2129 acta
1215 2074 1322 2128 essent

266 2180 297 2234 et
312 2174 426 2252 quibus
440 2174 562 2250 legibus
577 2175 653 2234 data
666 2191 738 2251 pax,
748 2193 811 2233 non
826 2173 978 2232 minorem
989 2172 1064 2233 belli
1080 2172 1193 2233 molem
1202 2173 1321 2234 instare

218 2295 246 2340 15
266 2279 306 2339 ab
332 2279 492 2339 Antiocho
519 2279 708 2339 docuerunt:
738 2278 860 2355 ingenti
889 2277 997 2353 classe,
1026 2277 1151 2356 egregio
1179 2279 1322 2338 terrestri

265 2384 453 2444 exercituin
470 2385 626 2462 Europam
648 2402 719 2442 enm
741 2383 958 2458 traiecissem,
974 2382 1038 2444 nisi
1058 2383 1226 2445 avertisset
1239 2402 1323 2444 vana

267 2509 338 2568 spes
353 2507 392 2549 ex
406 2489 532 2550 vaniore
547 2508 669 2549 rumore
683 2495 752 2548 orta
770 2488 910 2568 Aegypti
931 2488 1136 2564 invadendae,
1152 2509 1224 2548 mox
1237 2489 1322 2550 bello

267 2594 432 2654 Graeciam
452 2613 593 2654 arsuram
614 2593 731 2670 fuisse;
754 2611 855 2671 neque
876 2592 960 2653 enim
981 2613 1021 2653 ne
1041 2593 1172 2654 Aetolos
1194 2593 1321 2672 quidem

266 2699 436 2776 quieturos,
465 2717 536 2758 cum
564 2698 690 2775 ingenio
724 2698 900 2775 inquietam
926 2703 992 2757 tnm
1027 2698 1141 2758 iratam
1169 2699 1322 2759 Romanis

217 2825 247 2870 20
266 2810 401 2880 gentem.
442 2805 582 2864 Haerere
606 2809 638 2863 et
662 2804 748 2864 aliud
776 2803 810 2862 in
837 2803 1009 2864 visceribus
1038 2803 1188 2865 Graeciae
1210 2803 1321 2880 ingens

266 2909 392 2984 malum,
406 2909 534 2984 Nabim,
549 2927 632 2969 nunc
655 2908 980 2983 Lacedaemoniorum,
996 2927 1069 2968 mox
1091 2908 1124 2969 si¹
1136 2907 1231 2968 liceat
1254 2908 1322 2967 uni-

266 3033 374 3075 versae
396 3014 546 3074 Graeciae
566 3014 709 3074 futurum
730 3019 908 3093 tyrannum,
930 3013 1066 3074 avaritia
1081 3020 1113 3074 et
1134 3013 1322 3073 crudelitate

266 3119 366 3180 omnis
388 3119 476 3180 fama
495 3120 668 3179 celebratos
690 3125 842 3196 tyrannos
864 3123 1067 3196 aequantem3
1096 3117 1147 3178 cui
1170 3118 1198 3179 ei
1218 3118 1321 3194 Argos

266 3225 354 3285 velut
368 3243 469 3284 arcem
484 3224 702 3303 Peloponneso
719 3223 889 3302 inpositam
905 3228 1012 3284 tenere
1029 3223 1131 3299 liceat,
1147 3223 1322 3301 deportatis

218 3348 247 3392 25
265 3330 300 3389 in
332 3329 460 3390 Italiam
489 3329 640 3390 Romanis
669 3329 858 3388 exercitibus
882 3331 1071 3407 nequiquam
1104 3326 1278 3389 liberatam¹
1303 3347 1323 3388 a

267 3434 417 3512 Philippo
439 3435 602 3495 Graeciam
625 3435 701 3508 iore,
718 3453 773 3512 pro
794 3453 876 3510 rege,
892 3433 919 3493 si
940 3433 1021 3493 nihil
1037 3433 1133 3508 aliud,
1149 3433 1321 3511 longinquo

245 3605 246 3608 Ἴ
266 3540 403 3600 vicinum
420 3545 587 3618 tyrannum
604 3539 765 3599 <lominum
785 3537 973 3599 habituram.
1015 3539 1103 3598 Haec
1117 3557 1188 3598 cum
1202 3540 1242 3600 ab
1254 3544 1322 3599 tam

267 3645 414 3722 gravibus
427 3644 605 3705 auctoribus
620 3644 675 3722 qui
689 3644 795 3704 omnia
815 3663 871 3722 pcr
888 3663 921 3705 se
939 3645 1023 3722 ipsos
1041 3643 1204 3722 explorata
1220 3643 1323 3704 adfer-

267 3757 338 3814 rent
359 3751 550 3829 audirentur,
572 3749 671 3810 maior
689 3768 749 3827 res,
773 3750 856 3830 quod
879 3750 919 3810 ad
942 3749 1136 3811 Antiochum
1161 3745 1321 3826 attineret,
