3038 4278
480 310 609 366 LIVY'S
633 307 783 364 ROMAN
809 305 989 362 HISTORY
1217 291 1259 359 13

203 480 310 558 plures
331 479 458 559 patricii
480 479 682 556 magistratus
700 477 732 536 in
754 475 929 554 republica
949 481 1065 552 essent,
1079 474 1156 536 laeti
1176 493 1260 535 acce-

204 604 287 665 pere,
302 585 336 645 id
347 586 431 664 quod
445 585 551 646 evenit
570 584 724 658 futurum,
738 582 842 658 oredo,
854 581 949 642 etiam
964 581 1036 655 rati,
1047 587 1084 640 ut
1098 600 1171 640 mox
1185 598 1260 659 opes

203 710 321 767 eorum,
337 691 392 769 qui
413 694 605 768 praeessent,
627 688 690 766 ipsi
711 687 823 747 honori
845 686 894 746 ius
915 686 1177 764 maiestatemque
1197 685 1260 746 adi·

203 802 326 872 cerent3
349 801 382 857 et
395 794 525 869 tribuni,
541 795 573 854 id
588 794 672 873 quod
686 799 763 853 tunc
776 797 854 867 erat,
866 792 970 868 magio
983 789 1152 852 necessarii
1166 809 1258 868 quam

204 900 338 980 speciosi
363 899 534 961 ministerii
559 899 809 977 procurationem
833 897 1002 972 intuentes,
1027 915 1067 956 ne
1092 896 1125 956 in
1153 896 1294 975 parviso

203 1025 328 1084 quoque
356 1007 448 1066 rebus
470 1005 666 1064 incommode
687 1004 936 1079 adversarentur,
958 1002 1043 1062 haud
1067 1020 1142 1062 sane
1163 1007 1260 1062 teten-

203 1112 286 1171 dere.
342 1111 422 1172 Cum
446 1129 465 1170 a
493 1109 683 1188 primoribus
715 1108 856 1169 civitatis
888 1114 1013 1186 spretus
1040 1107 1139 1168 honor
1167 1112 1258 1182 esset,

203 1215 367 1294 Papirium
383 1215 675 1293 Semproniumque,
691 1233 823 1292 quorum
839 1214 878 1274 de
900 1213 1065 1274 consulatu
1086 1213 1258 1287 dubitatur,

202 1326 289 1382 uteo
304 1321 493 1397 magistratu
507 1339 618 1398 parum
633 1319 769 1381 solidum
791 1320 988 1380 consulatum
1004 1318 1176 1396 explerent,
1191 1337 1260 1378 oen·

203 1427 253 1487 sui
277 1427 399 1502 agendo
421 1425 558 1504 populus
582 1424 742 1502 suffragiis
767 1424 929 1503 praefecit.
982 1423 1135 1485 Censores
1159 1423 1199 1484 ab
1226 1441 1259 1482 re
1278 1435 1308 1481 10

202 1530 356 1610 appellati
372 1537 455 1591 sunt.

480 1724 534 1775 ibe
545 1730 636 1776 senate
648 1730 720 1776 oeteo
728 1737 783 1788 pau
790 1725 839 1788 sor
850 1723 893 1776 tlte
905 1735 992 1786 army.

243 1839 398 1898 Additum
414 1838 527 1898 deinde
549 1839 689 1899 omnium
711 1837 847 1898 maxime
868 1838 1058 1917 tempestivo
1079 1837 1258 1916 principum

202 1945 238 2004 in
257 1943 495 2004 multitudinem
516 1949 705 2019 munerant
725 1949 798 2004 ante
820 1943 1012 2004 mentionem
1033 1943 1132 2004 ullam
1157 1943 1258 2022 plebis

202 2049 439 2110 tribunorumve
464 2049 645 2109 decerneret
674 2055 810 2124 senatus,
832 2054 869 2110 ut
890 2049 1083 2127 stipendium
1105 2049 1197 2110 miles
1219 2050 1258 2110 de

202 2153 329 2233 publico
356 2154 521 2232 acciperet,
549 2174 620 2215 curn
654 2160 727 2214 ante
755 2155 788 2214 id
816 2159 941 2234 tempus
971 2156 1010 2215 de
1039 2174 1096 2216 suo
1123 2154 1258 2234 quisque
1278 2169 1306 2215 15

202 2261 332 2321 functus
346 2278 383 2319 eo
397 2279 525 2321 munere
539 2265 631 2320 esset.

241 2364 336 2424 Nihil
355 2371 517 2443 acceptum
540 2385 689 2442 umquam
712 2383 731 2426 a
753 2365 844 2443 plebe
861 2371 951 2426 tanto
974 2366 1089 2442 gaudio
1111 2367 1256 2427 traditur.

202 2451 394 2531 Concursum
414 2469 521 2549 itaque
543 2471 584 2530 ad
604 2471 724 2531 curiam
745 2488 813 2532 esse
832 2476 1058 2548 prensatasque
1076 2472 1257 2532 exeuntium
1345 2461 1348 2469 ’

202 2593 313 2635 manus
334 2580 367 2634 et
387 2581 492 2652 patres
513 2595 585 2636 vere
606 2575 790 2654 appellatos,
812 2577 958 2636 effectum
981 2595 1049 2637 esse
1072 2553 1256 2652 fatentibus,

201 2685 239 2740 ut
258 2698 351 2739 nemo
372 2699 429 2758 pro
451 2686 515 2741 tam
532 2681 681 2742 munifica
701 2681 813 2759 patria,
833 2683 930 2742 donec
952 2682 1118 2760 quicquam
1141 2682 1257 2741 virium
1275 2694 1306 2740 ao

202 2791 389 2863 superesset,
411 2785 533 2864 corpori
554 2791 609 2846 aut
631 2787 777 2862 sanguini
799 2806 855 2846 suo
880 2793 1031 2865 parceret.
1074 2788 1153 2848 Cum
1178 2806 1257 2847 corn-

202 2890 338 2951 moditas
371 2890 504 2965 iuraret,
531 2909 599 2950 rem
632 2890 822 2950 familiarem
851 2891 963 2952 saltem
996 2891 1192 2970 acquiescere
1220 2912 1257 2952 eo

202 3000 352 3073 tempore,
367 3014 429 3073 quo
443 3013 555 3072 corpus
576 2995 737 3055 addictum
759 3002 854 3074 atque
875 3002 1037 3074 operatum
1053 2996 1256 3074 reipublicae

201 3105 294 3174 esset,
316 3105 385 3158 tum
410 3100 494 3176 quod
519 3098 603 3159 ultro
628 3099 689 3161 sibi
710 3099 849 3160 oblatum
873 3107 966 3177 esset,
989 3121 1051 3161 non
1077 3121 1096 3161 a
1120 3102 1256 3163 tribunis

201 3204 303 3282 plebis
318 3223 467 3281 umquam
481 3204 635 3280 agitatum
651 3224 713 3265 non
735 3206 802 3266 suis
824 3201 1018 3266 sermonibus
1039 3206 1254 3284 efflagitatum,
1275 3227 1304 3272 25

201 3309 236 3370 id
263 3309 417 3369 efficiebat
438 3309 605 3388 multiplex
627 3311 775 3385 gaudium
801 3311 1100 3389 cumulatioremque
1123 3315 1255 3388 gratiam

201 3413 255 3474 rei.
299 3414 433 3474 Tribuni
445 3413 546 3492 plebis
560 3416 733 3476 communis
749 3415 891 3475 ordinum
907 3416 1048 3478 laetitiae
1063 3420 1257 3480 concordiae-

200 3537 262 3598 que
274 3518 333 3580 soli
345 3525 490 3598 expertes
501 3539 613 3596 negare
625 3527 688 3581 tam
702 3521 735 3581 id
746 3521 864 3581 laetum
876 3523 1018 3600 patribus
1030 3543 1087 3584 nec
1098 3525 1255 3586 universis

199 3643 383 3704 prosperum
410 3625 487 3699 fore,
513 3645 606 3704 quam
634 3626 697 3704 ipsi
724 3627 895 3688 crederent.
951 3629 1127 3692 Consilium
1153 3632 1256 3709 specie

200 3730 304 3808 prima
328 3730 443 3792 melius
464 3731 564 3793 tuisse
586 3749 679 3810 quam
700 3751 760 3794 usu
783 3733 1010 3814 appariturum.
1054 3735 1148 3800 Unde
1171 3736 1255 3798 enim
1273 3759 1303 3807 30
