3038 4278
477 304 606 360 LIVY'S
631 304 780 360 ROMAN
805 303 984 360 HISTORY
1209 293 1252 360 19

195 475 344 540 adnuisse
359 474 455 535 ceteri
476 475 567 535 deam
582 476 865 536 conclamaverunt
909 475 989 534 Inde
1012 475 1138 536 fabulae
1153 475 1252 537 adiec-

195 586 262 640 tum
274 585 323 642 est
337 598 445 640 vocem
460 597 583 658 quoque
603 580 736 640 dicentis
752 580 834 640 velle
848 580 1007 655 auditam,
1029 587 1145 641 motam
1167 588 1251 642 certe

194 687 268 748 sede
283 705 340 746 sua
354 685 445 763 parvi
460 685 635 746 molimenti
646 685 848 746 adminiculis
860 686 1022 764 sequentis
1031 687 1124 747 modo
1134 687 1251 765 accepi·

195 811 264 852 mus
279 791 380 851 levem
403 809 438 851 ac
459 790 586 852 facilem
608 791 726 852 tralatu
740 791 841 853 fuisse
862 792 1079 870 integramque
1101 793 1135 852 in
1149 794 1251 852 Aven-
1354 781 1356 784 ¹

193 897 305 971 tinum,
321 901 481 956 aeternam
503 897 610 956 sedem
631 915 730 971 suam,
746 916 809 974 quc
829 903 905 958 vota
926 897 1062 958 Romani
1085 897 1250 958 dictatoris
1269 921 1284 966 ις

194 1007 392 1076 vocaverant,
421 999 583 1079 perlatam,
612 995 666 1060 'ubi
693 1001 846 1080 templum
874 1003 903 1061 ei
938 1009 1048 1080 postea
1074 1001 1167 1078 idem,
1196 1002 1249 1080 qui

193 1112 333 1181 voverat,
348 1106 501 1168 Camillus
514 1105 683 1166 dedicavit.

234 1211 298 1271 Hic
320 1211 467 1272 Veiorum
491 1229 618 1272 occasus
639 1211 712 1286 fuit,
733 1212 820 1274 urbis
845 1212 1102 1291 opulentissimae
1123 1211 1249 1272 Etrusci

193 1316 597 1393 nominis,magnitudinem
605 1316 749 1376 suamvel
758 1317 967 1378 ultimaclade
977 1317 1156 1392 indicantis,
1166 1318 1249 1395 quod

193 1421 300 1482 decem
317 1427 454 1482 aestates
469 1422 649 1499 hiemesque
671 1422 836 1482 continuas
858 1423 1070 1498 circumsessa,
1086 1441 1156 1483 cum
1178 1423 1249 1501 plus
1270 1441 1299 1486 10

193 1526 356 1604 aliquanto
370 1525 507 1586 cladium
524 1526 685 1587 intulisset
704 1545 800 1605 quam
819 1528 999 1606 accepisset,
1014 1534 1173 1606 postremo
1186 1528 1249 1588 iam

192 1632 262 1691 fato
276 1650 399 1709 quoque
413 1637 545 1708 urgente
559 1631 706 1710 operibus
719 1637 834 1707 tamen,
850 1652 911 1692 non
927 1633 958 1692 vi
973 1639 1154 1710 expugnata
1168 1639 1225 1693 est.

234 1737 366 1796 Romam
396 1742 433 1796 ut
457 1736 636 1796 nuntiatum
665 1743 715 1797 est
742 1737 835 1798 Veios
859 1744 977 1816 captos,
1003 1744 1250 1816 quemquamst

193 1840 338 1919 prodigia
358 1847 524 1918 procurata
543 1841 670 1902 fuerant
690 1849 722 1903 et
742 1848 852 1903 vatum
873 1861 1024 1921 responsa
1043 1848 1076 1903 et
1096 1843 1250 1922 Pythicae

194 1951 293 2006 sortes
308 1951 400 2006 notae
415 1952 456 2020 et,
469 1952 621 2023 quantum
637 1947 784 2008 humanis
796 1947 939 2008 adiuvari
953 1947 1093 2008 consiliis
1104 1955 1250 2026 potuerat
1270 1968 1298 2013 15

194 2069 252 2125 res,
281 2050 392 2111 ducem
420 2052 464 2110 M.
494 2051 624 2110 Furium
656 2052 827 2112 maximum
857 2052 1081 2130 imporatorum
1109 2053 1249 2113 omnium

192 2155 343 2231 legerant,
358 2161 473 2231 tamen,
489 2156 565 2234 quia
579 2162 629 2216 tot
650 2157 741 2218 annis
756 2158 841 2218 varie
859 2158 904 2218 ibi
925 2158 1076 2219 bellatum
1092 2164 1160 2218 erat
1174 2159 1250 2218 mul-

194 2267 306 2338 taeque
328 2260 436 2340 clades¹
457 2267 610 2338 acceptae,
632 2263 721 2322 velut
739 2282 778 2322 ex
799 2263 960 2342 insperato
980 2264 1156 2324 inmensum
1178 2283 1249 2340 gau·

194 2365 282 2425 diurn
303 2365 367 2432 fuit
391 2371 431 2440 et,
454 2366 638 2445 priusquam
663 2374 790 2428 senatus
815 2369 1003 2445 decerneret,
1029 2369 1123 2448 plena
1145 2369 1249 2430 omnia

193 2469 314 2549 templa
340 2472 551 2531 Romanarum
580 2478 718 2532 matrum
749 2479 853 2550 grates
881 2474 931 2534 dis
960 2475 1120 2549 agentium
1149 2481 1246 2534 erant.
1268 2495 1298 2540 ao

195 2575 329 2635 Senatus
346 2575 380 2634 in
401 2576 620 2653 quadriduum,
636 2582 713 2654 quot
733 2577 853 2638 dierum
876 2578 965 2639 nullo
985 2585 1058 2639 ante
1072 2579 1164 2654 bello,
1180 2599 1249 2658 sup

194 2678 379 2756 plicationes
396 2680 545 2740 decernit.
588 2680 755 2742 Adventus
777 2702 901 2761 quoque
918 2683 1082 2744 dictatoris
1103 2684 1248 2746 omnibus

194 2783 357 2844 ordinibus
378 2784 502 2845 obviam
524 2786 633 2847 effusis
661 2787 845 2847 celebratior
866 2808 960 2866 quarn
982 2788 1079 2850 ullius
1100 2771 1248 2867 umquam

193 2893 287 2949 antea
300 2889 374 2964 fuit,
388 2890 630 2968 triumphusque
644 2911 769 2952 omnem
790 2900 972 2954 consuetum
995 2893 1169 2955 honorandi
1186 2895 1249 2956 diei
1355 2907 1356 2912 ’

193 2993 282 3054 illius
296 2993 423 3054 modum
437 2995 634 3072 aliquantum
646 2998 789 3058 excessit.
826 2999 965 3059 Maxime
979 3007 1165 3078 conspectus
1180 3000 1249 3079 ipse
1269 3021 1298 3066 as

194 3104 242 3159 est
257 3118 351 3159 curru
372 3099 461 3178 equis
482 3099 563 3161 albis
586 3100 693 3162 iuncto
713 3103 819 3163 urbem
841 3103 999 3182 invectum
1022 3123 1195 3184 parumque
1217 3106 1249 3166 id

193 3223 258 3264 non
271 3204 364 3264 civile
379 3205 479 3281 modo,
496 3206 551 3266 sed
564 3206 736 3267 humanum
752 3208 846 3268 etiam
860 3209 969 3270 visum.
1006 3211 1093 3271 Iovis
1105 3211 1248 3289 Solisque

193 3309 527 3388 equisaequiperatum
535 3311 718 3373 dictatorern
732 3314 766 3373 in
771 3315 955 3390 religionem
965 3317 1060 3378 etiam
1071 3317 1247 3392 trahebant,

192 3413 436 3492 triumphusque
448 3416 562 3476 obeam
576 3437 669 3479 unam
682 3419 817 3480 maxime
828 3439 893 3480 rem
904 3420 1017 3482 clarior
1028 3441 1122 3500 quam
1132 3423 1249 3498 gratior

193 3518 266 3578 fuit.
320 3521 399 3579 Tum
425 3521 540 3581 Iunoni
565 3523 691 3600 reginae
716 3526 869 3604 templum
891 3527 925 3585 in
949 3527 1110 3588 Aventino
1132 3527 1248 3588 locavit
1268 3549 1298 3594 ec

194 3624 416 3704 dedicavitque
431 3628 573 3688 Matutae
589 3629 716 3706 matris;
738 3637 833 3708 atque
848 3631 898 3692 his
909 3632 1027 3694 divinis
1039 3633 1248 3711 humanisque

192 3730 287 3790 rebus
302 3731 400 3808 gestis
415 3732 572 3794 dictatura
586 3753 619 3794 se
634 3735 801 3795 abdicavit.
