3038 4278
465 311 594 368 LIVY'S
619 310 769 366 ROMAN
794 310 974 366 HISTORY
1203 299 1248 366 43

189 503 323 563 quorum
348 482 487 560 corporis
516 482 635 559 species
652 483 816 560 'roburque
841 482 956 542 virium
981 488 1090 561 aptum
1115 482 1248 543 militiae

189 590 356 650 ridebatur
370 589 607 666 conscripserat.
650 588 702 648 Ad
718 589 831 648 Senam
846 594 950 648 castra
964 588 1095 649 alterius
1110 588 1247 649 consulis

189 700 288 770 erant,
311 700 343 754 et
369 694 559 772 quingentos
579 694 680 753 ferme
700 693 774 752 inde
794 711 906 772 passus
926 693 1108 754 Hasdrubal
1130 694 1246 754 aberat.

189 801 303 878 Itaque
325 818 397 859 cum
419 800 481 860 iam
503 799 780 877 adpropinquaret,
799 805 902 859 tectus
921 799 1081 859 montibus
1103 798 1247 860 substitit

188 906 284 980 Nero,
299 924 340 965 ne
354 910 428 965 ante
437 911 561 966 noctem
576 909 679 964 castra
690 903 914 979 ingrederetur.
958 903 1092 965 Silentio
1103 903 1246 980 ingressi,
1265 922 1281 966 o

188 1011 229 1070 ab
251 1010 301 1072 sui
319 1010 452 1088 quisque
471 1009 591 1070 ordinis
610 1009 791 1070 hominibus
811 1009 999 1070 intentoris
1019 1009 1155 1085 abducti,
1175 1028 1245 1070 cum

188 1134 312 1176 summa
337 1115 475 1175 omniurn
496 1114 621 1174 laetitia
640 1114 842 1192 hospitaliter
862 1115 1071 1192 excipiuntur.
1115 1115 1246 1174 Postero

187 1221 240 1280 die
261 1220 430 1281 consilium
450 1219 603 1295 habiturn,
625 1219 677 1279 cui
700 1225 733 1279 et
755 1220 791 1280 L,
815 1220 945 1280 Porcius
971 1220 1100 1280 Licinus
1122 1225 1246 1298 praetor

187 1325 304 1385 adfuit.
346 1324 459 1385 Castra
483 1325 591 1384 iuncta
614 1324 778 1385 consulum
803 1325 914 1386 castris
943 1325 1087 1401 habebat,
1113 1331 1146 1385 et
1173 1332 1245 1386 ante

188 1431 360 1491 adventum
375 1449 482 1490 eorum
492 1447 548 1506 per
561 1429 631 1490 loca
644 1430 710 1490 alta
724 1430 866 1490 ducendo
876 1431 1058 1504 exercitum,
1068 1449 1139 1490 cum
1154 1431 1246 1491 modo
1266 1449 1295 1494 10

186 1535 342 1596 insideret
362 1539 513 1610 angustos
535 1535 636 1595 saltus
655 1541 691 1594 ut
711 1535 881 1594 transitum
903 1534 1072 1610 clauderet,
1093 1536 1186 1596 modo
1206 1537 1246 1595 ab

187 1641 287 1701 latero
302 1646 357 1701 aut
371 1641 411 1700 ab
426 1645 515 1715 tergo
529 1645 671 1718 carperet
684 1657 806 1715 agmen,
816 1639 998 1700 ludificatus
1012 1640 1134 1700 hostem
1150 1640 1247 1700 omni-

188 1747 247 1806 bus
265 1745 386 1806 artibus
406 1744 483 1805 belli
499 1744 620 1821 fuerat3
644 1744 672 1804 is
690 1751 757 1804 tum
773 1744 807 1804 in
820 1744 953 1805 consilio
970 1746 1087 1806 aderat.
1131 1746 1246 1805 Multo-

187 1870 258 1910 rum
273 1869 310 1910 co
324 1850 521 1910 inclinabant
535 1850 710 1910 sententiae
725 1855 770 1925 nt,
785 1850 860 1909 dum
875 1851 995 1910 fessum
1010 1849 1062 1910 via
1077 1869 1112 1910 ao
1123 1850 1244 1926 vigiliis

187 1955 578 2029 reficeretmilitemNero,
592 1955 728 2014 simulet
738 1955 779 2014 ad
789 1955 980 2015 noscendum
991 1954 1113 2015 hostem
1130 1975 1244 2033 paucos
1265 1972 1294 2017 15

187 2061 249 2122 sibi
278 2065 415 2121 sumeret
438 2060 515 2134 dies,
544 2065 668 2138 tempus
697 2079 821 2138 pugnae
847 2060 1043 2137 differretur3
1068 2062 1154 2121 Nero
1182 2081 1244 2121 uon

188 2167 319 2228 suadere
341 2165 433 2224 modo
455 2165 510 2224 sed
534 2183 657 2225 summa
678 2184 737 2243 ope
757 2183 845 2226 orare
866 2165 995 2241 institit,
1017 2184 1056 2224 ne
1077 2165 1243 2227 consilium

187 2290 289 2346 suum,
315 2270 400 2349 quod
420 2275 525 2329 tutum
548 2269 692 2330 celeritas
713 2270 852 2345 fecisset,
874 2272 1073 2331 temerarium
1095 2272 1244 2346 morando

186 2376 346 2436 facerent:
377 2393 480 2435 errore
507 2375 563 2453 qui
590 2393 652 2434 non
682 2375 849 2436 diuturnus
877 2377 1005 2438 futurus
1033 2381 1127 2450 esset,
1156 2376 1244 2436 velut

186 2486 364 2558 torpentem
388 2479 602 2568 Hannibalem
631 2499 688 2541 nec
716 2485 820 2541 caetra
848 2499 905 2540 sua
932 2481 1000 2541 sine
1029 2481 1106 2541 duce
1134 2481 1244 2541 relicta
1262 2494 1292 2539 ac

186 2585 316 2662 adgredi
337 2603 394 2645 nec
417 2585 457 2644 ad
482 2584 675 2661 sequendum
699 2603 731 2644 se
755 2585 816 2645 iter
838 2585 1020 2646 intendisse.
1063 2586 1242 2664 Antequam

187 2695 368 2765 semoveat,
384 2688 483 2750 deleri
500 2689 673 2749 exercitum
692 2689 904 2751 Hasdrubalis
925 2709 1017 2768 posse
1036 2691 1194 2769 redirique
1208 2691 1243 2750 in

186 2795 353 2873 Apuliam:
388 2794 450 2865 Qui
472 2794 659 2872 prolatando
681 2795 819 2872 spatium
842 2794 927 2855 hosti
952 2795 1015 2870 det,
1037 2813 1105 2854 eum
1130 2801 1162 2855 et
1186 2796 1243 2857 illa

127 2974 135 2983 ·
186 2905 291 2960 castra
308 2900 440 2978 prodero
458 2899 635 2960 Hannibali
652 2904 685 2959 et
703 2900 825 2978 aperire
842 2900 876 2959 in
894 2899 1031 2960 Galliam
1049 2900 1118 2975 iter,
1134 2907 1170 2960 ut
1187 2920 1242 2979 per

186 3005 286 3065 otium
301 3005 357 3065 ubi
372 3004 450 3064 velit
464 3004 660 3065 Hasdrubali
675 3005 890 3081 coniungatur.
933 3004 1102 3082 Extemplo
1116 3005 1240 3082 signum
1260 3019 1290 3064 26

185 3111 324 3170 dandum
340 3116 371 3170 et
383 3110 561 3169 exeundum
572 3109 606 3168 in
616 3109 715 3170 aciem
724 3110 978 3189 abutendumque
988 3129 1091 3170 errore
1102 3110 1239 3172 hostium

186 3215 363 3276 absentium
375 3214 658 3292 praesentiumque,
669 3215 744 3274 dum
757 3233 859 3293 neque
874 3215 923 3274 illi
937 3215 1039 3276 sciant
1053 3234 1124 3276 cunr
1139 3217 1231 3294 pauci

109 3355 114 3362 ·
185 3319 291 3380 oribus
301 3339 358 3380 nec
369 3320 404 3379 hi
417 3338 489 3380 cum
498 3319 641 3397 pluribus
651 3319 898 3380 etvalidioribus
908 3339 971 3379 rem
982 3338 1058 3380 esse.
1101 3321 1242 3382 Consilio

185 3425 318 3486 dimisso
337 3424 461 3502 signum
482 3442 605 3501 pugnae
624 3425 818 3502 proponitur,
836 3425 1066 3504 confestimque
1086 3425 1120 3485 in
1141 3427 1241 3487 aciem

184 3531 366 3608 procedunt.
1260 3535 1289 3580 30

224 3635 292 3696 Iam
311 3635 418 3696 hostes
434 3641 507 3695 ante
521 3641 625 3696 castra
639 3635 787 3698 instructi
801 3637 935 3697 stabant.
978 3638 1099 3698 Moram
1117 3657 1240 3715 pugnae

183 3739 303 3816 attulit,
325 3741 408 3817 quod
432 3741 613 3801 Hasdrubal
638 3747 805 3819 provectus
826 3742 1014 3818 ante-signa
1036 3762 1105 3803 oum
1131 3744 1240 3821 paucis
