3058 4284
554 373 739 430 0101111οἪ
763 372 945 428 LETTERS
1208 363 1275 429 129

727 636 766 698 14

221 797 291 858 Sor.
311 797 353 858 in
369 798 497 860 itincre
514 818 538 858 n
554 797 729 877 Synnada
746 799 795 858 ad
808 798 1067 859 Philomelium
1085 798 1180 859 inter
1193 818 1223 858 n.
1239 799 1272 859 d.

453 889 530 950 Vct
546 889 614 948 III
626 889 680 949 Iol.
699 889 794 950 Sext.
813 908 845 949 1.
867 888 941 953 703
961 888 1050 954 (51).

600 1032 695 1089 Cicero
711 1033 812 1089 Attico
830 1032 891 1088 Sal.

261 1171 333 1231 Etsi
361 1170 395 1230 in
421 1170 492 1248 ipso
519 1171 631 1230 itinere
660 1176 691 1230 et
719 1171 771 1230 via
802 1170 1004 1231 discedebant
1038 1171 1272 1248 publicanorum

221 1275 379 1336 tabellarii
398 1282 431 1335 et
449 1294 572 1336 eramus
594 1275 627 1334 in
648 1293 750 1350 cursu,
771 1281 875 1335 tamen
899 1275 1130 1353 surripiendum
1152 1276 1274 1354 aliquid

127 1365 132 1376 '
221 1379 332 1458 putavi
348 1380 445 1458 spatii
459 1399 499 1439 ne
514 1399 563 1440 me
579 1380 792 1440 immemorem
809 1380 948 1440 mandati
970 1381 1016 1439 111
1034 1387 1169 1458 putares.
1213 1382 1275 1441 Ita

222 1504 282 1563 que
306 1485 433 1546 subsedi
455 1485 488 1543 in
511 1485 582 1563 ipsa
606 1485 666 1560 via,
692 1486 766 1544 dum
792 1485 869 1545 haec
894 1503 974 1563 quae
999 1485 1172 1561 longiorem
1196 1485 1274 1546 desi-

221 1590 333 1650 derant
361 1590 533 1650 orationem
561 1590 742 1650 summatim
770 1590 830 1650 tibi
857 1591 1089 1668 perscriberem.
1133 1591 1307 1652 Maximae

221 1695 454 1773 exspectatione
475 1694 509 1755 in
531 1695 682 1773 perditam
704 1702 736 1754 11
756 1695 849 1773 plane
871 1714 1011 1756 eversam
1031 1695 1066 1754 in
1087 1701 1273 1774 perpetuum

221 1799 416 1878 provinciam
430 1819 487 1860 nos
502 1799 627 1861 venisse
650 1799 728 1860 scito
749 1800 851 1878 pridie
875 1800 946 1860 Kal.
971 1800 1115 1876 Sextiles,
1137 1807 1273 1861 moratos

202 1904 362 1965 ,triduum
391 1905 575 1980 Laodiceae,
603 1905 742 1965 triduum
764 1905 932 1982 Apameae,
954 1905 1084 1965 totidem
1108 1906 1175 1966 dies
1197 1907 1273 1985 Syn-

221 2013 309 2072 nade.
360 2011 549 2071 Audivimus
564 2012 644 2071 1111111
658 2012 745 2073 aliud
759 2012 822 2071 nisi
837 2012 991 2089 imperata
1007 2014 1194 2086 ἕπικεφάλαια
1216 2011 1273 2073 sol-

221 2131 293 2173 vere
310 2132 374 2172 non
390 2131 490 2190 posse,
513 2112 741 2177 1111111111
763 2113 917 2188 venditas,
940 2113 1102 2175 civitatum
1126 2117 1272 2192 gemitus,
1293 2137 1322 2181 10

220 2217 372 2296 ploratus,
395 2223 537 2277 monstra
559 2217 711 2294 quaedam
734 2237 797 2276 non
819 2217 956 2278 hominis
980 2220 1034 2278 sed
1054 2221 1141 2280 ferae
1168 2221 1273 2282 neseio

221 2322 309 2381 cuius
330 2321 487 2382 immanis,
529 2321 611 2392 Quid
640 2321 790 2399 quaeris?
832 2323 938 2383 taedet
957 2324 1084 2384 omnino
1103 2343 1156 2386 eos
1178 2327 1270 2386 vitae.

221 2427 381 2486 Levantur
396 2432 503 2486 tamen
517 2427 648 2487 miserae
669 2427 814 2488 civitates
836 2429 921 2506 quod
941 2429 1048 2490 nullus
1069 2430 1106 2489 fit
1129 2437 1272 2508 sumptus

220 2531 254 2591 11
282 2551 339 2592 111
363 2550 465 2608 neque
493 2531 526 2590 in
554 2532 673 2607 legatos
702 2551 803 2610 neque
832 2532 865 2591 in
893 2539 1087 2611 quaestorem
1113 2554 1214 2612 neque
1238 2536 1273 2596 in

221 2655 418 2714 quemquam.
463 2637 548 2696 Scito
564 2656 627 2696 non
646 2637 739 2697 modo
758 2657 814 2698 nos
835 2639 962 2697 foenum
985 2645 1039 2699 aut
1061 2641 1145 2716 quod
1166 2660 1182 2700 e
1204 2641 1272 2717 lege
1292 2659 1321 2704 11

220 2740 305 2800 Iulia
334 2741 402 2801 dari
431 2741 511 2800 solet
538 2760 600 2800 non
629 2741 767 2818 accipere
796 2743 851 2802 sed
878 2761 917 2802 11
943 2743 1029 2818 ligna
1052 2744 1188 2821 quidem,
1214 2765 1272 2806 nec

220 2851 343 2924 praeter
358 2852 506 2923 quattuor
521 2845 618 2905 lectos
633 2853 665 2905 11
678 2853 797 2906 tectum
819 2867 1006 2924 quemquam
1029 2850 1168 2926 accipere
1189 2851 1272 2929 quio-

220 2970 323 3028 quam,
352 2950 462 3011 multis
484 2950 561 3010 locis
588 2969 627 3010 ne
651 2957 768 3011 tectum
796 2952 932 3030 quidem,
958 2953 1047 3013 etin
1071 2955 1272 3016 tabernaculo

219 3074 344 3116 manere
359 3055 550 3134 plerumque.
593 3057 706 3134 Itaque
721 3055 935 3118 incredibilem
952 3058 986 3117 in
1005 3059 1131 3118 modum
1148 3079 1272 3121 concur·

220 3180 272 3221 sus
287 3160 369 3221 fiunt
383 3180 422 3221 ex
444 3161 536 3238 agris,
559 3179 597 3220 ex
619 3161 707 3237 vicis,
729 3180 768 3220 ex
789 3162 933 3222 domibus
955 3164 1107 3225 omnibus.
1150 3167 1272 3226 Meher·
1291 3184 1321 3229 20

218 3265 287 3326 cule
303 3266 396 3326 etiam
409 3267 547 3326 adventu
558 3272 665 3326 nostro
676 3266 878 3326 reviviscunt.
921 3268 1058 3344 Iustitia,
1071 3270 1270 3348 abstinentia,

219 3370 385 3430 clementia
406 3371 454 3431 tui
472 3371 631 3432 Ciceronis
653 3371 815 3449 opiniones
837 3374 976 3433 omnium
998 3376 1166 3452 superavit.
1208 3377 1272 3455 Ap

219 3475 299 3553 pius,
327 3482 365 3535 ut
391 3475 516 3536 audivit
543 3495 600 3537 nos
628 3477 744 3552 venire,
773 3476 807 3535 in
834 3477 980 3539 ultimam
1008 3482 1202 3558 provinciam
1238 3502 1271 3543 se

218 3580 353 3640 coniecit
367 3582 500 3641 Tarsum
515 3577 622 3658 usque.
666 3582 716 3641 Ibi
731 3583 836 3642 forum
855 3584 929 3658 agit.
972 3586 1020 3645 De
1041 3587 1160 3646 Partho
1181 3588 1272 3647 silen-

218 3685 298 3745 tium
327 3691 384 3760 est,
414 3687 469 3746 sed
497 3692 601 3746 tamen
630 3686 770 3748 concisos
794 3688 917 3765 equites
941 3695 1064 3750 nostros
1088 3710 1107 3750 a
1131 3692 1270 3754 barbaris
1290 3714 1320 3758 25

217 3790 408 3852 nuntiabant
422 3791 446 3850 ii
461 3790 516 3871 qui
531 3791 706 3854 veniebant.
750 3792 882 3856 Bibulus
903 3813 943 3855 ne
965 3795 1122 3872 cogitabat
1143 3796 1270 3876 quidem
