<?xml version="1.0" encoding="UTF-8"?>
<!DOCTYPE html PUBLIC "-//W3C//DTD XHTML 1.0 Transitional//EN"
    "http://www.w3.org/TR/xhtml1/DTD/xhtml1-transitional.dtd">
<html xmlns="http://www.w3.org/1999/xhtml" xml:lang="en" lang="en">
 <head>
  <title>
</title>
<meta http-equiv="Content-Type" content="text/html;charset=utf-8" />
  <meta name='ocr-system' content='tesseract 3.04.00' />
  <meta name='ocr-capabilities' content='ocr_page ocr_carea ocr_par ocr_line ocrx_word'/>
</head>
<body>
  <div class='ocr_page' id='page_1' title='image "./selectionsfromr00miergoog_0160.png"; bbox 0 0 3058 4284; ppageno 0'>
   <div class='ocr_carea' id='block_1_1' title="bbox 557 296 1277 364">
    <p class='ocr_par' dir='ltr' id='par_1_1' title="bbox 557 296 1277 364">
     <span class='ocr_line' id='line_1_1' title="bbox 557 296 1277 364; baseline 0.001 -1"><span class='ocrx_word' id='word_1_1' title='bbox 557 306 742 364; x_wconf 82' lang='lat' dir='ltr'>CIGERO’S</span> <span class='ocrx_word' id='word_1_2' title='bbox 766 307 949 363; x_wconf 81' lang='lat' dir='ltr'>LETTERS</span> <span class='ocrx_word' id='word_1_3' title='bbox 1212 296 1277 364; x_wconf 88' lang='grc'>145</span> 
     </span>
    </p>
   </div>
   <div class='ocr_carea' id='block_1_2' title="bbox 731 484 772 546">
    <p class='ocr_par' dir='ltr' id='par_1_2' title="bbox 731 484 772 546">
     <span class='ocr_line' id='line_1_2' title="bbox 731 484 772 546; baseline 0 0"><span class='ocrx_word' id='word_1_4' title='bbox 731 484 772 546; x_wconf 79' lang='lat'>26</span> 
     </span>
    </p>
   </div>
   <div class='ocr_carea' id='block_1_3' title="bbox 420 631 1067 835">
    <p class='ocr_par' dir='ltr' id='par_1_3' title="bbox 420 631 1067 835">
     <span class='ocr_line' id='line_1_3' title="bbox 420 631 1067 713; baseline 0.003 -19"><span class='ocrx_word' id='word_1_5' title='bbox 420 631 492 694; x_wconf 82' lang='lat' dir='ltr'>Ser.</span> <span class='ocrx_word' id='word_1_6' title='bbox 511 633 552 693; x_wconf 78' lang='lat' dir='ltr'>in</span> <span class='ocrx_word' id='word_1_7' title='bbox 570 633 698 694; x_wconf 75' lang='lat' dir='ltr'>itinere</span> <span class='ocrx_word' id='word_1_8' title='bbox 713 633 823 710; x_wconf 71' lang='lat' dir='ltr'>paulo</span> <span class='ocrx_word' id='word_1_9' title='bbox 839 638 923 696; x_wconf 79' lang='lat' dir='ltr'>ante</span> <span class='ocrx_word' id='word_1_10' title='bbox 940 653 988 713; x_wconf 85' lang='lat' dir='ltr'>ep.</span> <span class='ocrx_word' id='word_1_11' title='bbox 1010 633 1067 698; x_wconf 72' lang='lat'>2³5.</span> 
     </span>
     <span class='ocr_line' id='line_1_4' title="bbox 453 753 971 835; baseline -0.004 -15"><span class='ocrx_word' id='word_1_12' title='bbox 453 753 458 768; x_wconf 89' lang='grc'><strong><em>’</em></strong></span> <span class='ocrx_word' id='word_1_13' title='bbox 525 763 629 821; x_wconf 78' lang='lat' dir='ltr'>Caesar</span> <span class='ocrx_word' id='word_1_14' title='bbox 647 765 745 835; x_wconf 81' lang='lat' dir='ltr'>oppio,</span> <span class='ocrx_word' id='word_1_15' title='bbox 764 765 893 822; x_wconf 80' lang='lat' dir='ltr'>cornelio</span> <span class='ocrx_word' id='word_1_16' title='bbox 912 766 971 822; x_wconf 84' lang='lat' dir='ltr'>Sal.</span> 
     </span>
    </p>
   </div>
   <div class='ocr_carea' id='block_1_4' title="bbox 220 885 1373 2963">
    <p class='ocr_par' dir='ltr' id='par_1_4' title="bbox 222 885 1323 2226">
     <span class='ocr_line' id='line_1_5' title="bbox 264 885 1276 966; baseline 0.003 -19"><span class='ocrx_word' id='word_1_17' title='bbox 264 886 394 947; x_wconf 84' lang='lat' dir='ltr'>Gaudeo</span> <span class='ocrx_word' id='word_1_18' title='bbox 422 886 614 946; x_wconf 89' lang='lat' dir='ltr'>merhercule</span> <span class='ocrx_word' id='word_1_19' title='bbox 643 905 698 947; x_wconf 88' lang='lat' dir='ltr'>vos</span> <span class='ocrx_word' id='word_1_20' title='bbox 722 885 899 963; x_wconf 85' lang='lat' dir='ltr'>significare</span> <span class='ocrx_word' id='word_1_21' title='bbox 923 887 1040 948; x_wconf 87' lang='lat' dir='ltr'>litteris</span> <span class='ocrx_word' id='word_1_22' title='bbox 1065 908 1160 966; x_wconf 91' lang='lat' dir='ltr'>quam</span> <span class='ocrx_word' id='word_1_23' title='bbox 1183 889 1276 950; x_wconf 83' lang='lat' dir='ltr'>valde</span> 
     </span>
     <span class='ocr_line' id='line_1_6' title="bbox 223 972 1276 1070; baseline 0.005 -20"><span class='ocrx_word' id='word_1_24' title='bbox 223 972 361 1070; x_wconf 83' lang='lat' dir='ltr'>probetis</span> <span class='ocrx_word' id='word_1_25' title='bbox 377 1010 507 1069; x_wconf 88' lang='lat' dir='ltr'>eaquae</span> <span class='ocrx_word' id='word_1_26' title='bbox 527 993 610 1070; x_wconf 89' lang='lat' dir='ltr'>apud</span> <span class='ocrx_word' id='word_1_27' title='bbox 628 992 800 1054; x_wconf 86' lang='lat' dir='ltr'>Corfinium</span> <span class='ocrx_word' id='word_1_28' title='bbox 818 998 892 1052; x_wconf 88' lang='lat' dir='ltr'>sunt</span> <span class='ocrx_word' id='word_1_29' title='bbox 910 999 1006 1068; x_wconf 85' lang='lat' dir='ltr'>gesta.</span> <span class='ocrx_word' id='word_1_30' title='bbox 1049 994 1189 1055; x_wconf 84' lang='lat' dir='ltr'>Consilio</span> <span class='ocrx_word' id='word_1_31' title='bbox 1211 1013 1276 1055; x_wconf 79' lang='lat' dir='ltr'>ves</span> 
     </span>
     <span class='ocr_line' id='line_1_7' title="bbox 223 1095 1275 1178; baseline 0.003 -21"><span class='ocrx_word' id='word_1_32' title='bbox 223 1102 272 1157; x_wconf 87' lang='lat' dir='ltr'>tro</span> <span class='ocrx_word' id='word_1_33' title='bbox 286 1102 358 1157; x_wconf 90' lang='lat' dir='ltr'>utar</span> <span class='ocrx_word' id='word_1_34' title='bbox 369 1096 515 1158; x_wconf 90' lang='lat' dir='ltr'>lubenter</span> <span class='ocrx_word' id='word_1_35' title='bbox 529 1104 561 1157; x_wconf 90' lang='lat' dir='ltr'>et</span> <span class='ocrx_word' id='word_1_36' title='bbox 582 1095 821 1178; x_wconf 15' lang='lat' dir='ltr'>hoo-lubentius</span> <span class='ocrx_word' id='word_1_37' title='bbox 844 1099 928 1175; x_wconf 91' lang='lat' dir='ltr'>quod</span> <span class='ocrx_word' id='word_1_38' title='bbox 949 1117 1018 1158; x_wconf 89' lang='lat' dir='ltr'>mea</span> <span class='ocrx_word' id='word_1_39' title='bbox 1040 1105 1152 1177; x_wconf 90' lang='lat' dir='ltr'>sponte</span> <span class='ocrx_word' id='word_1_40' title='bbox 1172 1101 1275 1165; x_wconf 85' lang='lat' dir='ltr'>facere</span> 
     </span>
     <span class='ocr_line' id='line_1_8' title="bbox 223 1200 1276 1284; baseline 0.004 -23"><span class='ocrx_word' id='word_1_41' title='bbox 223 1200 447 1262; x_wconf 87' lang='lat' dir='ltr'>constitueram</span> <span class='ocrx_word' id='word_1_42' title='bbox 461 1208 607 1280; x_wconf 89' lang='lat' dir='ltr'>utquam</span> <span class='ocrx_word' id='word_1_43' title='bbox 622 1201 819 1262; x_wconf 89' lang='lat' dir='ltr'>lenissimum</span> <span class='ocrx_word' id='word_1_44' title='bbox 834 1221 884 1262; x_wconf 89' lang='lat' dir='ltr'>me</span> <span class='ocrx_word' id='word_1_45' title='bbox 898 1204 1080 1281; x_wconf 83' lang='lat' dir='ltr'>praeberem</span> <span class='ocrx_word' id='word_1_46' title='bbox 1097 1211 1128 1265; x_wconf 90' lang='lat' dir='ltr'>et</span> <span class='ocrx_word' id='word_1_47' title='bbox 1145 1205 1276 1284; x_wconf 90' lang='lat' dir='ltr'>Pompe-</span> 
     </span>
     <span class='ocr_line' id='line_1_9' title="bbox 223 1307 1308 1387; baseline 0.006 -21"><span class='ocrx_word' id='word_1_48' title='bbox 223 1307 288 1366; x_wconf 89' lang='lat' dir='ltr'>ium</span> <span class='ocrx_word' id='word_1_49' title='bbox 304 1307 410 1366; x_wconf 89' lang='lat' dir='ltr'>darem</span> <span class='ocrx_word' id='word_1_50' title='bbox 426 1325 550 1385; x_wconf 85' lang='lat' dir='ltr'>operam</span> <span class='ocrx_word' id='word_1_51' title='bbox 565 1313 603 1367; x_wconf 89' lang='lat' dir='ltr'>ut</span> <span class='ocrx_word' id='word_1_52' title='bbox 614 1307 855 1367; x_wconf 80' lang='lat' dir='ltr'>reconciliarem.</span> <span class='ocrx_word' id='word_1_53' title='bbox 900 1309 1102 1387; x_wconf 85' lang='lat' dir='ltr'>Temptemus</span> <span class='ocrx_word' id='word_1_54' title='bbox 1113 1310 1172 1370; x_wconf 88' lang='lat' dir='ltr'>hoe</span> <span class='ocrx_word' id='word_1_55' title='bbox 1184 1311 1275 1370; x_wconf 90' lang='lat' dir='ltr'>modo</span> <span class='ocrx_word' id='word_1_56' title='bbox 1293 1327 1308 1372; x_wconf 81' lang='lat' dir='ltr'>s</span> 
     </span>
     <span class='ocr_line' id='line_1_10' title="bbox 223 1411 1275 1491; baseline 0.003 -19"><span class='ocrx_word' id='word_1_57' title='bbox 223 1412 251 1472; x_wconf 92' lang='lat' dir='ltr'>si</span> <span class='ocrx_word' id='word_1_58' title='bbox 265 1411 423 1490; x_wconf 89' lang='lat' dir='ltr'>possimus</span> <span class='ocrx_word' id='word_1_59' title='bbox 440 1413 577 1473; x_wconf 89' lang='lat' dir='ltr'>omnium</span> <span class='ocrx_word' id='word_1_60' title='bbox 594 1413 773 1474; x_wconf 89' lang='lat' dir='ltr'>voluntates</span> <span class='ocrx_word' id='word_1_61' title='bbox 788 1432 971 1491; x_wconf 89' lang='lat' dir='ltr'>recuperare</span> <span class='ocrx_word' id='word_1_62' title='bbox 991 1419 1024 1473; x_wconf 93' lang='lat' dir='ltr'>et</span> <span class='ocrx_word' id='word_1_63' title='bbox 1044 1415 1194 1475; x_wconf 90' lang='lat' dir='ltr'>diuturna</span> <span class='ocrx_word' id='word_1_64' title='bbox 1214 1415 1275 1475; x_wconf 86' lang='lat' dir='ltr'>vie-</span> 
     </span>
     <span class='ocr_line' id='line_1_11' title="bbox 222 1510 1274 1596; baseline 0.004 -19"><span class='ocrx_word' id='word_1_65' title='bbox 222 1517 305 1577; x_wconf 88' lang='lat' dir='ltr'>toria</span> <span class='ocrx_word' id='word_1_66' title='bbox 331 1517 389 1591; x_wconf 88' lang='lat' dir='ltr'>uti,</span> <span class='ocrx_word' id='word_1_67' title='bbox 412 1510 559 1594; x_wconf 83' lang='lat' dir='ltr'>quoniam</span> <span class='ocrx_word' id='word_1_68' title='bbox 581 1517 698 1594; x_wconf 86' lang='lat' dir='ltr'>reliqui</span> <span class='ocrx_word' id='word_1_69' title='bbox 719 1518 905 1578; x_wconf 87' lang='lat' dir='ltr'>crudelitate</span> <span class='ocrx_word' id='word_1_70' title='bbox 927 1518 1033 1578; x_wconf 91' lang='lat' dir='ltr'>odium</span> <span class='ocrx_word' id='word_1_71' title='bbox 1054 1520 1190 1596; x_wconf 85' lang='lat' dir='ltr'>effugere</span> <span class='ocrx_word' id='word_1_72' title='bbox 1212 1540 1274 1581; x_wconf 87' lang='lat' dir='ltr'>non</span> 
     </span>
     <span class='ocr_line' id='line_1_12' title="bbox 223 1622 1273 1702; baseline 0.002 -19"><span class='ocrx_word' id='word_1_73' title='bbox 223 1627 394 1701; x_wconf 86' lang='lat' dir='ltr'>potuerunt</span> <span class='ocrx_word' id='word_1_74' title='bbox 409 1641 510 1700; x_wconf 89' lang='lat' dir='ltr'>neque</span> <span class='ocrx_word' id='word_1_75' title='bbox 521 1622 685 1701; x_wconf 90' lang='lat' dir='ltr'>victoriam</span> <span class='ocrx_word' id='word_1_76' title='bbox 705 1623 826 1684; x_wconf 89' lang='lat' dir='ltr'>diutius</span> <span class='ocrx_word' id='word_1_77' title='bbox 847 1629 953 1696; x_wconf 86' lang='lat' dir='ltr'>tenere</span> <span class='ocrx_word' id='word_1_78' title='bbox 975 1630 1098 1702; x_wconf 89' lang='lat' dir='ltr'>praeter</span> <span class='ocrx_word' id='word_1_79' title='bbox 1120 1644 1217 1684; x_wconf 90' lang='lat' dir='ltr'>unum</span> <span class='ocrx_word' id='word_1_80' title='bbox 1237 1627 1273 1685; x_wconf 88' lang='lat' dir='ltr'>L.</span> 
     </span>
     <span class='ocr_line' id='line_1_13' title="bbox 224 1726 1274 1805; baseline 0.002 -17"><span class='ocrx_word' id='word_1_81' title='bbox 224 1726 344 1788; x_wconf 85' lang='lat' dir='ltr'>Sullam</span> <span class='ocrx_word' id='word_1_82' title='bbox 373 1747 465 1805; x_wconf 88' lang='lat' dir='ltr'>quem</span> <span class='ocrx_word' id='word_1_83' title='bbox 493 1726 674 1788; x_wconf 89' lang='lat' dir='ltr'>imitaturus</span> <span class='ocrx_word' id='word_1_84' title='bbox 698 1747 761 1788; x_wconf 89' lang='lat' dir='ltr'>non</span> <span class='ocrx_word' id='word_1_85' title='bbox 785 1747 862 1788; x_wconf 89' lang='lat' dir='ltr'>sum.</span> <span class='ocrx_word' id='word_1_86' title='bbox 905 1730 993 1789; x_wconf 89' lang='lat' dir='ltr'>Haec</span> <span class='ocrx_word' id='word_1_87' title='bbox 1018 1749 1100 1790; x_wconf 91' lang='lat' dir='ltr'>nova</span> <span class='ocrx_word' id='word_1_88' title='bbox 1124 1730 1167 1790; x_wconf 89' lang='lat' dir='ltr'>sit</span> <span class='ocrx_word' id='word_1_89' title='bbox 1193 1730 1274 1790; x_wconf 89' lang='lat' dir='ltr'>ratio</span> 
     </span>
     <span class='ocr_line' id='line_1_14' title="bbox 223 1817 1323 1897; baseline 0.005 -5"><span class='ocrx_word' id='word_1_90' title='bbox 223 1830 370 1892; x_wconf 86' lang='lat' dir='ltr'>vincendi</span> <span class='ocrx_word' id='word_1_91' title='bbox 385 1839 422 1892; x_wconf 91' lang='lat' dir='ltr'>ut</span> <span class='ocrx_word' id='word_1_92' title='bbox 437 1832 651 1893; x_wconf 87' lang='lat' dir='ltr'>misericordia</span> <span class='ocrx_word' id='word_1_93' title='bbox 665 1838 697 1892; x_wconf 91' lang='lat' dir='ltr'>et</span> <span class='ocrx_word' id='word_1_94' title='bbox 717 1817 908 1893; x_wconf 78' lang='lat' dir='ltr'>liberalitate</span> <span class='ocrx_word' id='word_1_95' title='bbox 928 1853 985 1894; x_wconf 90' lang='lat' dir='ltr'>nos</span> <span class='ocrx_word' id='word_1_96' title='bbox 1007 1835 1192 1895; x_wconf 87' lang='lat' dir='ltr'>muniamus.</span> <span class='ocrx_word' id='word_1_97' title='bbox 1236 1836 1323 1897; x_wconf 86' lang='lat' dir='ltr'>Idm</span> 
     </span>
     <span class='ocr_line' id='line_1_15' title="bbox 224 1937 1274 2016; baseline 0.003 -19"><span class='ocrx_word' id='word_1_98' title='bbox 224 1956 316 2015; x_wconf 90' lang='lat' dir='ltr'>quem</span> <span class='ocrx_word' id='word_1_99' title='bbox 339 1938 519 1998; x_wconf 90' lang='lat' dir='ltr'>admodum</span> <span class='ocrx_word' id='word_1_100' title='bbox 534 1937 602 1998; x_wconf 90' lang='lat' dir='ltr'>fieri</span> <span class='ocrx_word' id='word_1_101' title='bbox 618 1938 719 2016; x_wconf 80' lang='lat' dir='ltr'>possit</span> <span class='ocrx_word' id='word_1_102' title='bbox 733 1957 796 1998; x_wconf 89' lang='lat' dir='ltr'>non</span> <span class='ocrx_word' id='word_1_103' title='bbox 812 1937 901 1998; x_wconf 91' lang='lat' dir='ltr'>nulla</span> <span class='ocrx_word' id='word_1_104' title='bbox 915 1939 957 1998; x_wconf 90' lang='lat' dir='ltr'>mi</span> <span class='ocrx_word' id='word_1_105' title='bbox 981 1939 1013 1999; x_wconf 90' lang='lat' dir='ltr'>in</span> <span class='ocrx_word' id='word_1_106' title='bbox 1035 1945 1170 2000; x_wconf 83' lang='lat' dir='ltr'>mentem</span> <span class='ocrx_word' id='word_1_107' title='bbox 1192 1941 1274 2001; x_wconf 90' lang='lat' dir='ltr'>veni-</span> 
     </span>
     <span class='ocr_line' id='line_1_16' title="bbox 222 2042 1274 2122; baseline 0.005 -21"><span class='ocrx_word' id='word_1_108' title='bbox 222 2047 281 2102; x_wconf 90' lang='lat' dir='ltr'>unt</span> <span class='ocrx_word' id='word_1_109' title='bbox 303 2049 335 2102; x_wconf 90' lang='lat' dir='ltr'>et</span> <span class='ocrx_word' id='word_1_110' title='bbox 355 2042 457 2102; x_wconf 89' lang='lat' dir='ltr'>multa</span> <span class='ocrx_word' id='word_1_111' title='bbox 477 2043 608 2121; x_wconf 89' lang='lat' dir='ltr'>reperiri</span> <span class='ocrx_word' id='word_1_112' title='bbox 629 2048 770 2122; x_wconf 89' lang='lat' dir='ltr'>possunt.</span> <span class='ocrx_word' id='word_1_113' title='bbox 813 2044 860 2103; x_wconf 91' lang='lat' dir='ltr'>De</span> <span class='ocrx_word' id='word_1_114' title='bbox 882 2043 932 2104; x_wconf 89' lang='lat' dir='ltr'>his</span> <span class='ocrx_word' id='word_1_115' title='bbox 953 2045 1045 2105; x_wconf 87' lang='lat' dir='ltr'>rebus</span> <span class='ocrx_word' id='word_1_116' title='bbox 1066 2063 1140 2120; x_wconf 86' lang='lat' dir='ltr'>rogo</span> <span class='ocrx_word' id='word_1_117' title='bbox 1162 2064 1218 2106; x_wconf 90' lang='lat' dir='ltr'>vos</span> <span class='ocrx_word' id='word_1_118' title='bbox 1238 2053 1274 2107; x_wconf 88' lang='lat' dir='ltr'>nt</span> 
     </span>
     <span class='ocr_line' id='line_1_17' title="bbox 223 2147 649 2226; baseline -0.002 -18"><span class='ocrx_word' id='word_1_119' title='bbox 223 2147 444 2224; x_wconf 82' lang='lat' dir='ltr'>cogitationem</span> <span class='ocrx_word' id='word_1_120' title='bbox 460 2147 649 2226; x_wconf 87' lang='lat' dir='ltr'>suscipiatis.</span> 
     </span>
    </p>

    <p class='ocr_par' dir='ltr' id='par_1_5' title="bbox 220 2252 1373 2963">
     <span class='ocr_line' id='line_1_18' title="bbox 261 2252 1274 2333; baseline 0.005 -22"><span class='ocrx_word' id='word_1_121' title='bbox 261 2252 303 2311; x_wconf 87' lang='lat' dir='ltr'>N.</span> <span class='ocrx_word' id='word_1_122' title='bbox 332 2253 475 2330; x_wconf 87' lang='lat' dir='ltr'>Magium</span> <span class='ocrx_word' id='word_1_123' title='bbox 502 2253 634 2332; x_wconf 87' lang='lat' dir='ltr'>Pompei</span> <span class='ocrx_word' id='word_1_124' title='bbox 662 2254 855 2331; x_wconf 82' lang='lat' dir='ltr'>praefectum</span> <span class='ocrx_word' id='word_1_125' title='bbox 891 2255 1091 2333; x_wconf 86' lang='lat' dir='ltr'>deprehendi.</span> <span class='ocrx_word' id='word_1_126' title='bbox 1148 2255 1274 2317; x_wconf 85' lang='lat' dir='ltr'>Scilicet</span> 
     </span>
     <span class='ocr_line' id='line_1_19' title="bbox 222 2358 1321 2433; baseline 0.005 -16"><span class='ocrx_word' id='word_1_127' title='bbox 222 2377 292 2418; x_wconf 87' lang='lat' dir='ltr'>meo</span> <span class='ocrx_word' id='word_1_128' title='bbox 306 2358 455 2418; x_wconf 89' lang='lat' dir='ltr'>instituto</span> <span class='ocrx_word' id='word_1_129' title='bbox 472 2377 549 2418; x_wconf 90' lang='lat' dir='ltr'>usus</span> <span class='ocrx_word' id='word_1_130' title='bbox 572 2378 640 2418; x_wconf 89' lang='lat' dir='ltr'>sum</span> <span class='ocrx_word' id='word_1_131' title='bbox 662 2365 694 2419; x_wconf 89' lang='lat' dir='ltr'>et</span> <span class='ocrx_word' id='word_1_132' title='bbox 715 2379 784 2418; x_wconf 90' lang='lat' dir='ltr'>eum</span> <span class='ocrx_word' id='word_1_133' title='bbox 808 2360 915 2433; x_wconf 89' lang='lat' dir='ltr'>statim</span> <span class='ocrx_word' id='word_1_134' title='bbox 938 2363 1070 2421; x_wconf 90' lang='lat' dir='ltr'>missum</span> <span class='ocrx_word' id='word_1_135' title='bbox 1092 2361 1162 2422; x_wconf 88' lang='lat' dir='ltr'>feci.</span> <span class='ocrx_word' id='word_1_136' title='bbox 1205 2363 1272 2421; x_wconf 85' lang='lat' dir='ltr'>iam</span> <span class='ocrx_word' id='word_1_137' title='bbox 1294 2377 1321 2422; x_wconf 87' lang='lat'>15</span> 
     </span>
     <span class='ocr_line' id='line_1_20' title="bbox 222 2463 1373 2543; baseline 0.005 -21"><span class='ocrx_word' id='word_1_138' title='bbox 222 2463 285 2523; x_wconf 89' lang='lat' dir='ltr'>duo</span> <span class='ocrx_word' id='word_1_139' title='bbox 299 2463 454 2541; x_wconf 86' lang='lat' dir='ltr'>praefecti</span> <span class='ocrx_word' id='word_1_140' title='bbox 468 2463 594 2523; x_wconf 84' lang='lat' dir='ltr'>fabrum</span> <span class='ocrx_word' id='word_1_141' title='bbox 608 2464 740 2543; x_wconf 84' lang='lat' dir='ltr'>Pompei</span> <span class='ocrx_word' id='word_1_142' title='bbox 755 2464 788 2524; x_wconf 89' lang='lat' dir='ltr'>in</span> <span class='ocrx_word' id='word_1_143' title='bbox 802 2483 903 2525; x_wconf 88' lang='lat' dir='ltr'>meam</span> <span class='ocrx_word' id='word_1_144' title='bbox 918 2471 1106 2542; x_wconf 90' lang='lat' dir='ltr'>potestatem</span> <span class='ocrx_word' id='word_1_145' title='bbox 1121 2473 1273 2527; x_wconf 82' lang='lat' dir='ltr'>venerunt</span> <span class='ocrx_word' id='word_1_146' title='bbox 1367 2507 1373 2517; x_wconf 90' lang='lat'>-</span> 
     </span>
     <span class='ocr_line' id='line_1_21' title="bbox 221 2568 1274 2650; baseline 0.004 -22"><span class='ocrx_word' id='word_1_147' title='bbox 221 2573 254 2628; x_wconf 89' lang='lat' dir='ltr'>et</span> <span class='ocrx_word' id='word_1_148' title='bbox 268 2586 287 2628; x_wconf 88' lang='lat' dir='ltr'>a</span> <span class='ocrx_word' id='word_1_149' title='bbox 301 2587 350 2628; x_wconf 91' lang='lat' dir='ltr'>me</span> <span class='ocrx_word' id='word_1_150' title='bbox 365 2569 454 2628; x_wconf 87' lang='lat' dir='ltr'>missi</span> <span class='ocrx_word' id='word_1_151' title='bbox 471 2573 553 2628; x_wconf 90' lang='lat' dir='ltr'>sunt.</span> <span class='ocrx_word' id='word_1_152' title='bbox 597 2569 631 2629; x_wconf 87' lang='lat' dir='ltr'>Si</span> <span class='ocrx_word' id='word_1_153' title='bbox 645 2568 752 2628; x_wconf 86' lang='lat' dir='ltr'>volent</span> <span class='ocrx_word' id='word_1_154' title='bbox 770 2570 851 2646; x_wconf 81' lang='lat' dir='ltr'>grati</span> <span class='ocrx_word' id='word_1_155' title='bbox 869 2589 945 2645; x_wconf 85' lang='lat' dir='ltr'>esse,</span> <span class='ocrx_word' id='word_1_156' title='bbox 969 2571 1124 2631; x_wconf 88' lang='lat' dir='ltr'>debebunt</span> <span class='ocrx_word' id='word_1_157' title='bbox 1144 2573 1274 2650; x_wconf 91' lang='lat' dir='ltr'>Pompe-</span> 
     </span>
     <span class='ocr_line' id='line_1_22' title="bbox 221 2673 1274 2754; baseline 0.004 -22"><span class='ocrx_word' id='word_1_158' title='bbox 221 2673 287 2732; x_wconf 89' lang='lat' dir='ltr'>ium</span> <span class='ocrx_word' id='word_1_159' title='bbox 302 2673 422 2733; x_wconf 86' lang='lat' dir='ltr'>hortari</span> <span class='ocrx_word' id='word_1_160' title='bbox 437 2679 474 2733; x_wconf 87' lang='lat' dir='ltr'>ut</span> <span class='ocrx_word' id='word_1_161' title='bbox 487 2673 578 2733; x_wconf 87' lang='lat' dir='ltr'>malit</span> <span class='ocrx_word' id='word_1_162' title='bbox 593 2674 672 2732; x_wconf 91' lang='lat' dir='ltr'>mihi</span> <span class='ocrx_word' id='word_1_163' title='bbox 686 2693 753 2735; x_wconf 88' lang='lat' dir='ltr'>csse</span> <span class='ocrx_word' id='word_1_164' title='bbox 768 2675 886 2734; x_wconf 89' lang='lat' dir='ltr'>amicus</span> <span class='ocrx_word' id='word_1_165' title='bbox 901 2695 995 2753; x_wconf 90' lang='lat' dir='ltr'>quam</span> <span class='ocrx_word' id='word_1_166' title='bbox 1008 2676 1050 2736; x_wconf 89' lang='lat' dir='ltr'>iis</span> <span class='ocrx_word' id='word_1_167' title='bbox 1065 2676 1119 2754; x_wconf 88' lang='lat' dir='ltr'>qui</span> <span class='ocrx_word' id='word_1_168' title='bbox 1134 2683 1165 2736; x_wconf 93' lang='lat' dir='ltr'>et</span> <span class='ocrx_word' id='word_1_169' title='bbox 1178 2676 1227 2736; x_wconf 88' lang='lat' dir='ltr'>illi</span> <span class='ocrx_word' id='word_1_170' title='bbox 1242 2682 1274 2736; x_wconf 87' lang='lat' dir='ltr'>et</span> 
     </span>
     <span class='ocr_line' id='line_1_23' title="bbox 220 2777 1273 2858; baseline 0.004 -21"><span class='ocrx_word' id='word_1_171' title='bbox 220 2777 301 2837; x_wconf 90' lang='lat' dir='ltr'>mihi</span> <span class='ocrx_word' id='word_1_172' title='bbox 322 2797 444 2856; x_wconf 86' lang='lat' dir='ltr'>semper</span> <span class='ocrx_word' id='word_1_173' title='bbox 465 2778 595 2838; x_wconf 88' lang='lat' dir='ltr'>fuerunt</span> <span class='ocrx_word' id='word_1_174' title='bbox 616 2778 844 2855; x_wconf 89' lang='lat' dir='ltr'>inimicissimi;</span> <span class='ocrx_word' id='word_1_175' title='bbox 867 2800 999 2858; x_wconf 88' lang='lat' dir='ltr'>quorum</span> <span class='ocrx_word' id='word_1_176' title='bbox 1021 2781 1164 2842; x_wconf 88' lang='lat' dir='ltr'>artificiis</span> <span class='ocrx_word' id='word_1_177' title='bbox 1187 2781 1273 2842; x_wconf 86' lang='lat' dir='ltr'>effec-</span> 
     </span>
     <span class='ocr_line' id='line_1_24' title="bbox 220 2882 1321 2963; baseline 0.003 -20"><span class='ocrx_word' id='word_1_178' title='bbox 220 2888 290 2943; x_wconf 91' lang='lat' dir='ltr'>tum</span> <span class='ocrx_word' id='word_1_179' title='bbox 304 2889 352 2943; x_wconf 89' lang='lat' dir='ltr'>est</span> <span class='ocrx_word' id='word_1_180' title='bbox 367 2889 403 2943; x_wconf 91' lang='lat' dir='ltr'>ut</span> <span class='ocrx_word' id='word_1_181' title='bbox 417 2901 467 2944; x_wconf 89' lang='lat' dir='ltr'>res</span> <span class='ocrx_word' id='word_1_182' title='bbox 481 2883 607 2961; x_wconf 88' lang='lat' dir='ltr'>publica</span> <span class='ocrx_word' id='word_1_183' title='bbox 621 2882 654 2942; x_wconf 91' lang='lat' dir='ltr'>in</span> <span class='ocrx_word' id='word_1_184' title='bbox 668 2884 752 2944; x_wconf 90' lang='lat' dir='ltr'>hunc</span> <span class='ocrx_word' id='word_1_185' title='bbox 767 2890 883 2944; x_wconf 88' lang='lat' dir='ltr'>statum</span> <span class='ocrx_word' id='word_1_186' title='bbox 899 2885 1085 2963; x_wconf 87' lang='lat' dir='ltr'>perveniret.</span> <span class='ocrx_word' id='word_1_187' title='bbox 1291 2899 1321 2946; x_wconf 80' lang='lat' dir='ltr'>ae</span> 
     </span>
    </p>
   </div>
   <div class='ocr_carea' id='block_1_5' title="bbox 725 3123 765 3186">
    <p class='ocr_par' dir='ltr' id='par_1_6' title="bbox 725 3123 765 3186">
     <span class='ocr_line' id='line_1_25' title="bbox 725 3123 765 3186; baseline 0 0"><span class='ocrx_word' id='word_1_188' title='bbox 725 3123 765 3186; x_wconf 79' lang='grc'>27</span> 
     </span>
    </p>
   </div>
   <div class='ocr_carea' id='block_1_6' title="bbox 314 3271 1172 3461">
    <p class='ocr_par' dir='ltr' id='par_1_7' title="bbox 314 3271 1172 3461">
     <span class='ocr_line' id='line_1_26' title="bbox 314 3271 1172 3352; baseline 0.006 -19"><span class='ocrx_word' id='word_1_189' title='bbox 314 3271 386 3334; x_wconf 83' lang='lat' dir='ltr'>Ser.</span> <span class='ocrx_word' id='word_1_190' title='bbox 406 3273 448 3333; x_wconf 78' lang='lat' dir='ltr'>ta</span> <span class='ocrx_word' id='word_1_191' title='bbox 464 3273 656 3334; x_wconf 80' lang='lat' dir='ltr'>Formiano</span> <span class='ocrx_word' id='word_1_192' title='bbox 680 3271 754 3334; x_wconf 78' lang='lat' dir='ltr'>VII</span> <span class='ocrx_word' id='word_1_193' title='bbox 766 3273 811 3334; x_wconf 83' lang='lat' dir='ltr'>K.</span> <span class='ocrx_word' id='word_1_194' title='bbox 830 3272 914 3351; x_wconf 77' lang='lat' dir='ltr'>Apr.</span> <span class='ocrx_word' id='word_1_195' title='bbox 934 3293 966 3337; x_wconf 85' lang='lat' dir='ltr'>o.</span> <span class='ocrx_word' id='word_1_196' title='bbox 987 3275 1010 3341; x_wconf 81' lang='lat'><em>7</em></span> <span class='ocrx_word' id='word_1_197' title='bbox 1013 3274 1062 3337; x_wconf 83' lang='lat'>05</span> <span class='ocrx_word' id='word_1_198' title='bbox 1082 3273 1172 3352; x_wconf 68' lang='lat'><strong>(49).</strong></span> 
     </span>
     <span class='ocr_line' id='line_1_27' title="bbox 599 3404 891 3461; baseline -0.014 0"><span class='ocrx_word' id='word_1_199' title='bbox 599 3404 694 3461; x_wconf 81' lang='lat' dir='ltr'>Cicero</span> <span class='ocrx_word' id='word_1_200' title='bbox 711 3404 811 3461; x_wconf 77' lang='lat' dir='ltr'>Attico</span> <span class='ocrx_word' id='word_1_201' title='bbox 832 3404 891 3461; x_wconf 81' lang='lat' dir='ltr'>Sal.</span> 
     </span>
    </p>
   </div>
   <div class='ocr_carea' id='block_1_7' title="bbox 220 3524 1272 3799">
    <p class='ocr_par' dir='ltr' id='par_1_8' title="bbox 220 3524 1272 3799">
     <span class='ocr_line' id='line_1_28' title="bbox 261 3524 1271 3609; baseline 0.004 -23"><span class='ocrx_word' id='word_1_202' title='bbox 261 3525 339 3586; x_wconf 78' lang='lat' dir='ltr'>Cum</span> <span class='ocrx_word' id='word_1_203' title='bbox 354 3526 438 3603; x_wconf 89' lang='lat' dir='ltr'>quod</span> <span class='ocrx_word' id='word_1_204' title='bbox 451 3524 619 3587; x_wconf 86' lang='lat' dir='ltr'>scriberem</span> <span class='ocrx_word' id='word_1_205' title='bbox 635 3526 675 3585; x_wconf 91' lang='lat' dir='ltr'>ad</span> <span class='ocrx_word' id='word_1_206' title='bbox 689 3531 721 3585; x_wconf 90' lang='lat' dir='ltr'>te</span> <span class='ocrx_word' id='word_1_207' title='bbox 736 3525 818 3585; x_wconf 90' lang='lat' dir='ltr'>nihil</span> <span class='ocrx_word' id='word_1_208' title='bbox 834 3525 990 3602; x_wconf 87' lang='lat' dir='ltr'>haberem,</span> <span class='ocrx_word' id='word_1_209' title='bbox 1005 3532 1110 3588; x_wconf 90' lang='lat' dir='ltr'>tamen</span> <span class='ocrx_word' id='word_1_210' title='bbox 1125 3548 1271 3609; x_wconf 90' lang='lat' dir='ltr'>nequem</span> 
     </span>
     <span class='ocr_line' id='line_1_29' title="bbox 220 3630 1271 3696; baseline 0.002 -5"><span class='ocrx_word' id='word_1_211' title='bbox 220 3630 304 3691; x_wconf 91' lang='lat' dir='ltr'>diem</span> <span class='ocrx_word' id='word_1_212' title='bbox 319 3630 559 3691; x_wconf 82' lang='lat' dir='ltr'>intermitterem</span> <span class='ocrx_word' id='word_1_213' title='bbox 575 3630 632 3690; x_wconf 86' lang='lat' dir='ltr'>has</span> <span class='ocrx_word' id='word_1_214' title='bbox 648 3630 720 3690; x_wconf 90' lang='lat' dir='ltr'>dedi</span> <span class='ocrx_word' id='word_1_215' title='bbox 735 3631 866 3692; x_wconf 90' lang='lat' dir='ltr'>litteras.</span> <span class='ocrx_word' id='word_1_216' title='bbox 910 3631 949 3691; x_wconf 89' lang='lat' dir='ltr'>A.</span> <span class='ocrx_word' id='word_1_217' title='bbox 965 3631 994 3691; x_wconf 89' lang='lat' dir='ltr'>d.</span> <span class='ocrx_word' id='word_1_218' title='bbox 1008 3651 1043 3692; x_wconf 92' lang='lat' dir='ltr'>v1</span> <span class='ocrx_word' id='word_1_219' title='bbox 1054 3634 1095 3693; x_wconf 90' lang='lat' dir='ltr'>K.</span> <span class='ocrx_word' id='word_1_220' title='bbox 1109 3635 1271 3696; x_wconf 80' lang='lat' dir='ltr'>Gaesarem</span> 
     </span>
     <span class='ocr_line' id='line_1_30' title="bbox 223 3733 1272 3799; baseline 0.003 -3"><span class='ocrx_word' id='word_1_221' title='bbox 223 3734 388 3796; x_wconf 84' lang='lat' dir='ltr'>Sinuessae</span> <span class='ocrx_word' id='word_1_222' title='bbox 409 3753 592 3796; x_wconf 86' lang='lat' dir='ltr'>mansurum</span> <span class='ocrx_word' id='word_1_223' title='bbox 613 3733 811 3796; x_wconf 88' lang='lat' dir='ltr'>nuntiabant.</span> <span class='ocrx_word' id='word_1_224' title='bbox 852 3734 904 3796; x_wconf 90' lang='lat' dir='ltr'>Ab</span> <span class='ocrx_word' id='word_1_225' title='bbox 923 3754 960 3797; x_wconf 89' lang='lat' dir='ltr'>eo</span> <span class='ocrx_word' id='word_1_226' title='bbox 975 3736 1052 3796; x_wconf 92' lang='lat' dir='ltr'>mihi</span> <span class='ocrx_word' id='word_1_227' title='bbox 1067 3737 1191 3799; x_wconf 88' lang='lat' dir='ltr'>litterae</span> <span class='ocrx_word' id='word_1_228' title='bbox 1206 3741 1272 3799; x_wconf 86' lang='lat' dir='ltr'>red-</span> 
     </span>
    </p>
   </div>
   <div class='ocr_carea' id='block_1_8' title="bbox 0 0 1534 4284">
    <p class='ocr_par' dir='ltr' id='par_1_9' title="bbox 0 0 1534 4284">
     <span class='ocr_line' id='line_1_31' title="bbox 0 0 1534 4284; baseline 0 1"><span class='ocrx_word' id='word_1_229' title='bbox 0 0 1534 4284; x_wconf 95' lang='lat' dir='ltr'> </span> 
     </span>
    </p>
   </div>
  </div>
 </body>
</html>
