3038 4278
473 335 602 390 LIVY’S
627 334 777 390 ROMAN
803 333 983 389 HISTORY
1207 322 1249 390 51

237 507 431 584 Quamquam
452 507 589 565 nondum
611 511 718 583 aperte
733 505 844 564 Africa
860 504 1024 583 provincia
1037 505 1163 565 decreta
1177 509 1252 580 erat,
1303 579 1305 582 ι

197 612 428 672 occultantibus
450 611 493 686 id,
515 611 616 685 erede,
638 611 781 688 patribus
802 629 842 669 ne
862 611 1106 688 praesciscerent
1128 610 1255 672 Cartha·

198 718 365 796 ginienses,
383 722 490 777 tamen
507 716 540 775 in
560 735 629 776 earn
649 735 737 794 spem
756 721 860 775 erecta
876 715 989 776 civitas
1009 716 1126 776 eratin
1144 717 1255 777 Africa

198 843 235 883 eo
258 842 340 884 auno
363 822 515 882 bellatum
542 822 581 880 iri
606 821 764 898 finemque
785 821 868 880 bello
889 821 1010 882 Punico
1033 823 1153 882 adesse.
1195 823 1256 882 Im-

198 929 340 1007 pleverat
354 947 390 988 ea
404 947 454 987 res
472 927 729 1005 superstitionum
748 925 879 1001 animos,
902 926 1055 1004 pronique
1074 933 1106 987 et
1123 928 1163 988 ad
1179 946 1256 988 nuu·
1274 945 1289 990 s

199 1031 825 1111 tiandaetadcredendaprodigiaeraut.
870 1033 918 1091 Eo
926 1032 1017 1110 plura
1027 1032 1254 1109 vulgabautur:

199 1141 277 1199 duos
300 1137 382 1199 soles
400 1137 496 1213 visos,
518 1143 550 1196 et
569 1141 661 1196 nocte
681 1136 894 1212 interluxisse,
915 1143 947 1197 et
969 1137 1071 1197 facem
1093 1138 1197 1198 Setiae
1218 1138 1257 1198 ab

199 1250 271 1304 ortu
289 1242 365 1304 solis
381 1243 421 1303 ad
439 1241 632 1302 occidentem
649 1241 768 1319 porrigi
781 1241 899 1317 uisam3
922 1243 1108 1303 Tarracinae
1123 1249 1255 1321 portam,

199 1348 364 1425 Anagniae
379 1353 411 1408 et
425 1352 547 1426 portam
563 1353 595 1406 et
610 1346 719 1406 multis
735 1346 811 1407 locis
826 1367 948 1406 murum
963 1348 1002 1407 de
1017 1349 1104 1408 caelo
1117 1352 1255 1422 tactum3

200 1453 234 1512 iu
249 1453 324 1514 aede
339 1453 470 1512 Iunonis
487 1451 631 1530 Sospitae
647 1451 771 1512 Lanuvi
788 1470 858 1511 curn
878 1452 1034 1513 horrendo
1044 1453 1168 1530 fragore
1183 1459 1258 1513 stre-
1278 1471 1307 1516 10

200 1558 303 1636 pitum
329 1557 457 1618 editum.
499 1559 618 1616 Eorum
642 1557 906 1634 procurandorum
934 1577 1028 1618 causa
1051 1557 1135 1618 diem
1159 1577 1257 1618 unum

202 1663 392 1741 supplicatio
409 1662 486 1738 fuit3
510 1668 541 1722 st
562 1661 749 1722 novendiale
769 1681 900 1736 sacrum,
919 1663 1003 1740 quod
1019 1663 1058 1722 de
1077 1663 1164 1723 caelo
1182 1663 1258 1741 lapi·

202 1769 308 1829 datum
342 1773 434 1842 esset,
463 1767 591 1826 factum.
641 1767 688 1826 Eo
716 1766 849 1827 accessit
874 1767 1065 1828 consultatio
1093 1769 1131 1827 (16
1159 1774 1259 1828 matre

202 1874 299 1933 Idaea
326 1873 518 1951 accipienda,
547 1890 642 1950 quam
672 1877 890 1949 praeterquam
918 1873 1001 1949 quod
1030 1874 1073 1932 M.
1103 1872 1257 1949 Valerius,

202 1998 282 2038 unus
304 1997 343 2037 ex
363 1977 486 2053 legatis,
504 1996 705 2055 praegressus
725 1982 866 2036 actutum
885 1977 919 2035 in
937 1977 1034 2037 Italia
1051 1978 1120 2038 fore
1137 1979 1259 2039 nuntia
1279 1999 1307 2044 15

202 2089 299 2158 verat,
323 2101 431 2143 recens
456 2083 587 2143 nuntius
611 2083 720 2142 aderat
745 2082 932 2143 Tarracinae
955 2082 1018 2142 iarn
1042 2103 1118 2144 esse.
1162 2084 1258 2145 Haud

202 2207 316 2267 parvae
339 2188 385 2247 rei
410 2187 559 2247 iudicium
586 2194 730 2248 senatum
753 2188 890 2262 tenebat,
913 2188 968 2266 qui
991 2188 1040 2246 vir
1063 2189 1200 2267 optimus
1225 2189 1259 2248 in

201 2293 331 2354 civitate
352 2299 452 2369 esset;
474 2311 580 2352 veram
602 2300 684 2353 certe
706 2291 870 2352 victoriam
891 2293 959 2352 eius
978 2293 1024 2353 rei
1045 2294 1106 2354 sibi
1125 2295 1259 2372 quisque

202 2398 313 2458 mallet
334 2417 427 2476 quam
449 2397 516 2458 ulla
537 2397 670 2475 imperia
689 2397 863 2457 honoresve
886 2398 1037 2474 suffragio
1057 2418 1112 2459 seu
1134 2406 1259 2477 patrum

203 2522 259 2563 seu
271 2503 370 2581 plebis
386 2503 515 2564 delatos.
558 2503 593 2561 P.
607 2502 784 2580 Scipionem
796 2503 850 2562 Cn.
861 2502 884 2560 f.
900 2503 968 2562 eius
983 2503 1037 2580 qui
1052 2503 1086 2562 iu
1100 2504 1260 2582 Hispania
1280 2522 1309 2567 20

203 2608 368 2683 ceciderat,
390 2607 623 2668 adulescentem
641 2607 779 2666 noudum
801 2607 1023 2683 quaestorium,
1042 2609 1260 2670 iudicaverunt

203 2714 238 2773 in
258 2719 325 2775 tota
345 2713 474 2774 civitate
496 2713 598 2772 virum
619 2712 770 2771 bonorum
791 2711 946 2788 optimum
965 2731 1041 2774 esse.
1085 2714 1125 2773 Id
1145 2714 1259 2792 quibus

203 2818 376 2878 virtutibus
397 2817 520 2877 inducti
542 2817 588 2877 ita
606 2816 787 2891 iudicarint,
807 2816 888 2876 sicut
908 2818 1060 2877 traditum
1075 2837 1094 2878 a
1107 2819 1259 2896 proximis

204 2923 372 2983 memoriae
399 2929 576 3000 temporum
604 2921 732 2981 illorum
766 2921 971 2999 scriptoribus
998 2922 1101 2983 libens
1126 2925 1259 3002 posteris

204 3028 370 3102 traderem,
386 3027 432 3087 ita
450 3046 535 3087 meas
556 3025 720 3104 opiniones
739 3027 944 3086 coniectando
959 3047 1023 3088 rem
1039 3034 1196 3089 vetustate
1211 3031 1260 3090 ob
1280 3046 1309 3090 25

205 3138 308 3193 rutam
323 3151 386 3191 uon
396 3132 603 3210 interponam.
645 3132 683 3191 P.
696 3131 861 3193 Cornelius
871 3151 942 3190 curn
953 3132 1097 3194 omnibus
1108 3136 1260 3196 matronis

206 3237 327 3300 Ostiam
343 3237 467 3296 obviam
486 3237 532 3296 ire
543 3236 619 3297 deae
638 3236 753 3312 iussus,
775 3236 865 3315 isque
886 3255 954 3296 eam
970 3238 1008 3296 (16
1022 3256 1101 3298 nave
1121 3240 1260 3317 accipere

206 3349 239 3404 et
252 3343 286 3402 in
299 3347 415 3402 terram
431 3342 545 3402 elatam
564 3342 688 3402 tradere
707 3342 867 3402 ferendam
885 3343 1045 3404 matronis.
1087 3345 1260 3423 Postquam

207 3448 298 3508 navis
309 3448 349 3508 ad
363 3448 479 3508 ostium
494 3448 596 3508 amnis
611 3447 753 3507 Tiberini
767 3447 908 3522 accessit,
924 3448 1006 3508 sicut
1020 3455 1088 3508 erat
1101 3448 1215 3525 iussus,
1227 3451 1260 3511 in

207 3554 309 3614 salum
323 3571 402 3613 nave
417 3560 543 3614 evectus
559 3554 598 3612 ab
612 3553 825 3613 sacerdotibus
840 3553 930 3612 deam
946 3554 1066 3631 accepit
1084 3555 1261 3634 extulitque
1282 3573 1311 3618 ao

208 3658 242 3718 in
262 3665 387 3718 terram.
430 3660 593 3718 Matronae
615 3658 768 3736 primores
793 3658 942 3733 civitatis,
966 3658 1049 3718 inter
1069 3679 1147 3736 quas
1167 3661 1261 3723 unius

140 3767 143 3780 '
209 3763 359 3826 Claudiae
379 3763 515 3835 Quintae
536 3762 659 3838 insigne
681 3769 730 3823 est
754 3782 876 3836 nomeu,
899 3781 1061 3840 accepere3
1083 3765 1134 3824 oui
1157 3765 1260 3840 dubia,
