3058 4284
511 308 717 364 sanuusr’s
740 308 936 364 csrmnm
1206 277 1250 364 8'7

196 478 343 558 quitum
365 478 477 539 aedilis
503 485 579 554 erat,
604 473 760 556 Cethegus
785 480 819 550 Q.
846 478 1023 554 Cornifici0,
1045 479 1191 540 Statilius
1215 481 1248 541 C.

197 584 332 660 Caesari,
344 584 498 645 Gabinius
514 586 557 643 M.
573 586 694 659 Crass0,
710 585 929 662 Caeparius-
939 604 1011 644 nam
1027 585 1054 645 is
1069 585 1163 663 paulo
1178 591 1250 645 ante

196 709 236 750 ex
249 691 326 766 fuga
339 696 493 749 retractus
509 695 625 750 erat-
635 691 690 750 Cn.
706 690 853 750 Terentio
868 690 1005 750 senatori
1018 691 1194 750 traduntur.

339 903 391 952 Tic
397 902 494 965 soortb
506 905 614 952 oration
626 903 683 953 ond
695 903 738 952 tlte
750 904 901 952 discussion
914 905 943 952 in
956 904 998 952 ilic
1010 909 1111 954 senate.

236 1019 318 1077 Dum
341 1017 418 1076 haec
438 1017 471 1076 in
492 1024 602 1077 senatu
620 1023 756 1092 aguntur
776 1024 808 1077 et
827 1018 899 1077 dum
916 1017 1029 1092 legatis
1043 1018 1250 1095 Allobrogum

197 1127 229 1181 et
250 1123 285 1180 Τ.
309 1122 478 1197 Volturcio,
493 1122 693 1199 comprobato
714 1140 821 1181 eorum
843 1122 968 1196 indicio,
989 1123 1129 1200 praemia
1149 1123 1250 1182 decer·
1269 1139 1284 1182 5

197 1234 324 1302 nuntur,
340 1227 446 1286 liberti
466 1232 497 1286 et
514 1227 607 1304 pauci
624 1245 662 1286 ex
680 1227 847 1287 clientibus
866 1227 994 1286 Lentuli
1010 1227 1146 1288 divorsis
1161 1228 1251 1287 itine-

196 1330 283 1391 ribus
305 1331 432 1408 opifices
453 1337 548 1410 atque
573 1331 703 1391 servitia
727 1331 760 1391 in
786 1332 863 1392 vicis
890 1333 930 1392 ad
954 1351 1025 1391 eum
1050 1333 1248 1408 eripiundum

196 1435 419 1512 sollicitabant,
441 1437 557 1514 partim
580 1436 786 1513 exquirebant
807 1437 900 1497 duces
922 1436 1174 1512 multitudinum,
1196 1438 1249 1515 qui

196 1541 298 1617 pretio
319 1560 384 1599 rem
405 1540 564 1618 publicam
584 1560 696 1601 vexare
716 1541 802 1601 soliti
825 1548 922 1601 erant.
966 1542 1124 1617 Cethegus
1145 1547 1250 1602 autem

197 1663 252 1722 per
279 1645 407 1706 nuntios
428 1646 585 1706 familiam
607 1652 701 1722 atque
725 1646 855 1706 libertos
881 1666 962 1722 snos,
984 1646 1082 1706 lectos
1108 1653 1140 1706 et
1167 1665 1252 1706 exer·
1273 1662 1300 1705 10

197 1749 318 1825 citatos,
341 1752 450 1811 orabat
474 1751 508 1810 in
533 1750 706 1826 audaciam,
728 1758 764 1811 ut
789 1770 881 1828 grege
906 1752 992 1812 facto
1016 1770 1086 1810 curn
1113 1751 1186 1812 telis
1211 1752 1251 1812 ad

197 1873 264 1915 sese
282 1855 500 1932 irrumperent.
544 1856 661 1917 Consul
676 1856 730 1916 ubi
744 1875 781 1916 ea
795 1857 899 1934 parari
913 1857 1070 1932 cognovit,
1087 1857 1250 1934 dispositis

196 1959 363 2038 praesidiis
386 1953 490 2020 utres
512 1968 608 2039 atque
628 1968 752 2039 tempus
774 1961 927 2037 monebat,
950 1968 1119 2022 convocato
1140 1968 1251 2021 senatu

196 2065 294 2124 refert
318 2065 396 2142 quid
424 2065 463 2124 de
491 2065 536 2126 eis
562 2065 631 2125 fieri
656 2065 778 2143 placeat
802 2066 857 2143 qui
881 2051 915 2125 in
939 2066 1114 2126 custodiam
1139 2066 1251 2126 traditi

196 2174 294 2230 erant.
342 2169 402 2230 Sed
424 2189 476 2230 eos
502 2170 597 2248 paulo
625 2176 701 2230 ante.
723 2171 872 2248 frequens
901 2178 1029 2231 senatus
1057 2169 1252 2230 iudicaverat
1272 2183 1300 2227 15

196 2280 304 2334 contra
335 2294 401 2334 rem
430 2275 587 2352 publicam
617 2274 740 2337 fecisse.
794 2277 873 2334 Tum
902 2277 940 2334 D.
971 2275 1082 2336 Iunius
1114 2276 1250 2351 Silanus,

195 2377 317 2455 primns
339 2380 527 2439 sententiam
549 2385 685 2455 rogatus,
700 2380 783 2456 quod
804 2399 840 2439 eo
862 2386 1001 2458 ternpore
1021 2380 1130 2440 consul
1152 2381 1252 2456 desig-

195 2489 287 2544 natus
307 2491 383 2558 erat,
402 2484 440 2543 de
458 2484 575 2561 eisqui
595 2483 628 2542 in
647 2484 799 2544 custodiis
821 2486 1018 2559 tenebantur,
1037 2491 1069 2544 et
1088 2494 1251 2562 praeterea

196 2587 234 2646 de
249 2589 283 2646 L.
300 2588 419 2662 Cassio,
434 2590 469 2647 P.
486 2588 592 2665 Furio,
607 2589 644 2649 P.
656 2588 826 2664 Umbreno,
841 2590 875 2661 Q.
893 2589 1007 2664 Annio,
1020 2590 1046 2650 si
1062 2589 1250 2668 deprehensi

194 2688 308 2762 forent,
341 2687 531 2765 supplicium
562 2673 751 2751 sumundum
783 2693 979 2770 decreveram
1022 2696 1111 2772 isque
1131 2702 1249 2773 postea,
1269 2711 1298 2754 oc

194 2794 354 2866 permotus
375 2791 515 2851 oratione
536 2793 571 2853 C.
597 2792 749 2869 Caesaris,
771 2794 903 2871 pedibus
929 2796 962 2854 in
988 2799 1177 2859 sententiam
1201 2800 1248 2859 Ti.

194 2894 330 2955 Neronis
351 2895 470 2956 iturum
495 2915 528 2956 se
550 2896 641 2972 dixit,
667 2898 752 2975 quod
773 2898 811 2958 de
832 2918 869 2958 ea
889 2919 922 2958 re
944 2901 1109 2977 praesidiis
1131 2877 1248 2965 additis

194 2999 397 3059 referundum
412 3007 583 3061 censuerat.

443 3211 604 3277 Gocintctiop
617 3217 697 3264 oicwa
709 3217 742 3278 os
753 3215 853 3267 Cacsar
864 3219 920 3268 ond
936 3217 1012 3269 Octo.

235 3325 295 3384 Sed
311 3326 434 3401 Caesar,
450 3327 503 3386 ubi
518 3328 558 3387 ad
573 3347 644 3388 eum
660 3336 787 3389 ventum
810 3337 866 3406 est,
882 3338 1008 3408 rogatus
1025 3335 1249 3399 sententiama

193 3430 321 3489 consule
336 3431 553 3492 huiuscemodi
569 3435 663 3494 verba
676 3433 800 3494 locutus
815 3442 879 3496 est:
895 3429 898 3435 ¹
1265 3471 1295 3514 25

290 3536 308 3574 a
431 3538 449 3576 a
571 3539 589 3577 s
712 3540 730 3578 s
853 3543 871 3580 a
993 3546 1011 3583 a
1134 3547 1152 3585 a

233 3616 396 3677 “Maiores
420 3619 530 3693 nostri,
556 3626 661 3697 patres
682 3621 862 3699 conscripti,
884 3642 985 3701 neque
1009 3626 1121 3686 consili
1145 3648 1245 3707 neque

191 3720 340 3782 audaciae
365 3742 512 3800 umquam
538 3743 666 3802 eguere3
695 3745 795 3808 neque
824 3726 889 3792 illis
919 3730 1064 3808 superbia
1092 3733 1244 3810 obstabat,
