3038 4278
272 291 317 360 26
594 305 719 361 LATIN
743 305 993 363 enunculons

273 476 402 552 signem.
445 477 481 536 L.
496 476 644 554 Papirius
659 477 686 537 is
701 477 774 553 fuit,
789 478 840 538 cui
855 497 925 538 cum
941 497 973 540 se
989 478 1023 539 O.
1042 475 1199 541 Publilius
1217 479 1256 542 ob
1269 500 1323 542 aes

272 581 410 641 alienum
433 587 599 660 paternum
627 600 742 642 nexum
768 581 915 658 dedisset,
941 603 1022 661 quac
1049 591 1136 646 aetas
1160 586 1325 664 formaque

272 685 518 748 misericordiam
532 687 644 748 elicere
656 693 810 766 poterant,
822 689 863 749 ad
876 689 1040 750 libidinem
1056 696 1088 750 et
1102 690 1322 751 contumeliam

271 791 411 852 animum
438 793 654 854 accenderunt.
699 793 779 875 [Ut]
810 793 919 854 florem
947 794 1060 855 aetatis
1088 795 1156 856 eius
1184 795 1324 856 fructum

238 897 484 962 tadveuticium
513 898 626 959 crediti
657 904 753 975 ratus,
782 900 883 978 prirno
910 899 1061 978 perlicere
1091 900 1324 961 adulescentem

272 1020 413 1063 sermone
427 1002 546 1064 incesto
559 1009 608 1064 est
625 1009 772 1080 conatus;
794 1004 877 1080 dein,
892 1009 1060 1082 postquam
1075 1006 1324 1082 aspernabantur

271 1107 426 1183 flagitium
447 1127 547 1184 aures,
566 1108 661 1169 minis
683 1110 828 1170 territare
848 1117 945 1187 atque
963 1109 1136 1169 identidem
1156 1110 1323 1171 admonere

271 1206 433 1289 fortunae3
454 1219 620 1293 postremo,
632 1233 703 1275 curn
713 1214 918 1291 ingenuitatis
930 1215 1029 1290 magis
1042 1233 1134 1292 quam
1146 1215 1323 1292 praesentis

271 1318 464 1380 condicionis
484 1337 652 1379 memorem
671 1319 803 1395 videret,
822 1318 936 1380 nudari
955 1319 1043 1380 iubet
1061 1319 1252 1397 verberaque
1272 1320 1324 1380 ad-

223 1441 252 1486 10
270 1423 356 1484 ferri.
399 1423 518 1494 Quibus
537 1423 692 1484 laceratus
709 1424 834 1485 iuvenis
853 1443 924 1484 cum
943 1443 976 1485 se
996 1425 1030 1484 in
1048 1423 1208 1502 publicum
1227 1425 1322 1502 prori-

270 1529 401 1608 puisset,
416 1529 580 1590 libidinem
598 1529 879 1606 crudelitatemque
898 1548 1090 1608 conquerens
1104 1529 1323 1605 faeneratoris,

270 1635 380 1710 ingens
395 1633 443 1694 vis
458 1634 619 1694 hominurn
638 1653 708 1694 cum
726 1635 839 1695 aetatis
857 1634 1058 1696 miseratione
1075 1640 1171 1712 atque
1188 1634 1324 1710 indigni-

271 1745 335 1800 tate
363 1738 497 1800 iniuriae
528 1755 667 1814 accensa,
698 1744 766 1798 tum
798 1729 872 1799 suae
902 1739 1094 1800 condicionis
1125 1738 1323 1818 liberumque

271 1862 397 1905 suorum
424 1850 578 1922 respectu,
603 1844 637 1903 in
662 1845 765 1904 forum
793 1849 889 1923 atquc
916 1845 989 1904 inde
1016 1843 1141 1922 agmine
1169 1844 1254 1904 fecto
1282 1846 1324 1905 ad

223 1964 252 2010 15
269 1949 386 2010 curiam
401 1950 576 2026 concurrit;
598 1955 639 2025 et,
650 1967 721 2009 cum
735 1949 879 2010 consules
893 1949 1032 2010 tumultu
1047 1949 1209 2026 repentino
1222 1950 1324 2010 coacti

270 2060 411 2116 senatum
423 2061 579 2130 vocarent,
588 2054 821 2115 introeuntibus
829 2055 863 2114 in
873 2055 990 2115 curiam
999 2054 1142 2132 patribus
1151 2054 1323 2114 laceratum

270 2159 393 2221 iuvenis
407 2147 540 2236 tergum,
551 2159 789 2237 procumbentes
804 2159 844 2220 ed
859 2159 1054 2234 singulorum
1069 2159 1174 2236 pedes,
1186 2164 1324 2220 ostenta-

269 2264 353 2326 bant.
396 2265 524 2325 Victum
545 2283 580 2324 eo
598 2265 649 2324 die
666 2265 705 2325 ob
723 2264 919 2342 inpotentem
936 2264 1082 2324 iniuriam
1100 2263 1195 2323 unius
1210 2263 1322 2340 ingens

269 2369 428 2431 vinculum
458 2369 550 2445 fidei3
578 2369 719 2446 iussique
741 2369 886 2430 consules
913 2369 997 2428 ferre
1025 2369 1065 2428 ed
1093 2368 1253 2446 populum,
1281 2387 1323 2428 ne

222 2494 251 2539 ac
269 2474 350 2552 quis,
372 2475 435 2534 nisi
460 2475 516 2553 qui
539 2493 654 2535 noxam
679 2475 855 2550 meruisset,
876 2472 974 2534 donec
995 2492 1127 2552 poenam
1151 2473 1261 2548 lueret,
1287 2474 1323 2534 in

269 2579 460 2660 conpedibus
478 2586 533 2641 aut
551 2581 585 2640 in
603 2599 700 2640 nervo
720 2585 896 2655 teneretur;
918 2580 1068 2657 pecuniae
1087 2579 1223 2640 creditae
1240 2579 1322 2640 bona

269 2685 430 2762 debitoris,
460 2705 524 2745 non
553 2704 665 2763 corpus
699 2685 867 2745 obnoxium
899 2691 989 2746 esset.
1032 2685 1078 2744 ita
1108 2684 1182 2744 nexi
1215 2684 1320 2760 soluti,

269 2796 457 2869 cautumque
471 2791 505 2850 in
520 2795 688 2868 posterum,
702 2808 741 2850 ne
756 2797 963 2850 necterentur.

533 2977 585 3028 Tite
597 2977 749 3039 censoretlp
761 2977 794 3040 cs
801 2976 906 3040 Appius
922 2975 1062 3052 Claudius.

307 3111 351 3171 Et
372 3127 504 3174 censura
524 3109 608 3170 clara
630 3128 666 3170 eo
689 3128 771 3170 anno
793 3108 854 3186 Ap.
877 3107 990 3169 Claudi
1010 3114 1042 3168 et
1065 3107 1098 3168 O.
1121 3108 1230 3167 Plauti
1246 3108 1319 3182 init,

220 3231 249 3276 25
267 3215 434 3277 memoriae
448 3221 554 3275 tamen
568 3213 719 3275 felicioris
734 3215 774 3275 ad
789 3219 929 3292 posteros
943 3231 1056 3273 nomen
1069 3213 1155 3291 Appi
1170 3222 1221 3288 est,
1237 3214 1320 3291 quod

268 3321 352 3382 viam
367 3320 503 3381 munivit
516 3327 549 3380 et
561 3339 674 3397 aquam
689 3320 723 3379 in
737 3320 847 3380 urbem
861 3317 953 3379 duxit
967 3337 1064 3396 eaque
1080 3337 1160 3378 unus
1175 3318 1319 3396 perfecit,

268 3427 343 3504 quia
361 3426 400 3486 ob
417 3426 567 3485 infamem
586 3431 680 3502 atquc
699 3424 888 3485 invidiosam
907 3430 1034 3484 senatus
1052 3423 1217 3483 lectionem
1237 3441 1320 3483 vere-

268 3529 382 3592 cundia
412 3531 513 3591 victus
542 3530 661 3606 collega
685 3530 872 3606 magistratu
898 3548 931 3590 sc
955 3528 1172 3603 abdicaverat3
1193 3528 1319 3606 Appius

267 3637 330 3697 iam
352 3637 426 3697 iude
447 3636 624 3715 antiquitus
645 3636 773 3697 insitam
796 3633 1003 3713 pertinaciam
1021 3633 1162 3694 familiae
1183 3634 1319 3710 gerendo

220 3763 249 3809 30
268 3742 352 3803 solus
366 3761 528 3804 censuram
543 3741 689 3802 obtinuit.
757 3760 761 3766 ·
