3038 4278
508 319 712 375 succussu
737 319 932 376 carmina
1204 307 1247 376 83

194 492 373 553 societatem
389 491 474 565 belli,
490 491 684 551 existumans
698 490 823 568 publice
837 489 1047 569 privatimque
1061 508 1132 550 aere
1146 490 1250 552 alieno

194 616 369 675 oppressos,
380 604 542 675 praetcrea
552 597 635 673 quod
647 601 760 656 natura
771 614 846 671 gens
859 594 983 657 Gallica
996 595 1147 656 bellicosa
1156 601 1248 671 esset,

193 695 288 756 facile
302 713 355 754 eos
370 694 410 753 ad
426 694 490 753 tale
507 692 672 753 consilium
690 693 803 754 adduci
818 712 918 770 posse.
961 694 1150 767 Umbrenus,
1165 691 1264 770 quod'

193 799 228 860 in
249 800 355 861 Gallia
376 799 552 876 negotiatus
575 806 650 874 erat,
673 799 831 877 plerisque
853 798 1047 876 principibus
1072 798 1250 859 civitatium

193 912 287 966 notus
298 912 365 967 erat
379 911 474 983 atque
485 911 684 965 ecsnoverat.
727 906 840 981 Itaque
856 904 922 963 sine
937 923 1032 978 mora,
1044 904 1098 963 ubi
1113 903 1250 982 primum
1268 926 1284 973 5

193 1012 313 1088 legatos
325 1012 359 1071 in
369 1012 439 1070 foro
449 1009 623 1088 conspexit,
634 1016 835 1088 percontatus
846 1029 946 1088 pauca
959 1010 997 1069 de
1012 1015 1098 1069 statu
1110 1008 1249 1070 civitatis

193 1123 226 1177 et
246 1116 336 1194 quasi
358 1115 466 1175 dolens
487 1115 554 1175 eius
575 1133 691 1190 casum,
713 1114 871 1192 requirere
892 1113 995 1191 eoepit
1015 1133 1107 1192 quem
1131 1114 1248 1174 exitum

193 1222 292 1282 tantis
322 1221 414 1281 malis
446 1224 616 1298 sperarent.
679 1221 851 1297 Postquam
880 1218 951 1279 illos
979 1219 1067 1278 videt
1094 1218 1183 1296 queri
1211 1219 1249 1278 de

194 1326 327 1386 avaritia
345 1325 595 1402 magistratuum,
613 1343 758 1386 accusare
779 1321 922 1384 senatum
939 1324 1024 1402 quod
1043 1323 1076 1383 in
1096 1343 1131 1384 eo
1150 1324 1249 1384 auxili

194 1431 275 1490 nihil
295 1436 387 1505 esset,
403 1430 538 1490 miseriis
554 1430 620 1490 suis
635 1430 808 1489 remedium
822 1435 955 1489 mortem
969 1435 1161 1507 exspectare,
1176 1434 1195 1465 “
1206 1429 1250 1489 At
1270 1448 1299 1494 10

194 1537 288 1613 ego'’,
314 1535 428 1614 inquit,
454 1535 580 1610 “vobis,
607 1535 634 1595 si
663 1535 755 1594 modo
782 1534 842 1592 viri
871 1553 939 1595 esse
967 1534 1072 1608 voltis,
1097 1534 1248 1594 rationem

195 1641 357 1702 ostendam
373 1659 435 1718 qua
453 1646 544 1700 tanta
562 1640 625 1700 ista
640 1640 725 1699 mala
741 1638 929 1714 effugiatis’'
979 1639 1069 1698 Haec
1084 1639 1138 1699 ubi
1158 1639 1248 1714 dixit,

195 1746 380 1823 Allobroges
394 1745 428 1804 in
445 1765 624 1805 maxumam
642 1763 729 1822 spem
746 1745 875 1804 adducti
894 1744 1088 1805 Umbrenum
1110 1751 1250 1804 orarent

196 1851 244 1911 sui
259 1851 477 1925 misereretnr3
499 1849 581 1909 nihil
596 1856 660 1909 tam
676 1867 820 1927 asperum
835 1867 936 1926 neque
951 1856 1015 1909 tarn
1030 1848 1157 1908 difficile
1172 1867 1249 1925 esse,

195 1956 279 2034 quod
296 1975 357 2015 non
375 1955 589 2034 cupidissume
608 1954 726 2014 facturi
745 1960 859 2029 essent,
875 1953 1001 2014 dumea
1020 1973 1069 2014 res
1088 1954 1248 2014 civitatem
1270 1972 1299 2019 rt

195 2080 266 2122 aere
280 2060 383 2121 alieno
396 2060 552 2121 liberaret.
597 2059 656 2119 Ille
674 2078 725 2120 eos
741 2059 775 2118 in
792 2059 917 2142 domum
935 2060 972 2118 D.
989 2059 1081 2119 Bruti
1096 2060 1248 2138 perducit,

195 2167 279 2246 quod
293 2167 364 2226 foro
377 2166 555 2245 propinqua
569 2170 636 2224 erat
650 2183 750 2242 neque
768 2164 873 2224 aliena
885 2165 1006 2224 consuli
1025 2171 1152 2243 propter
1168 2167 1251 2225 Sem-

196 2272 355 2350 proniam;
388 2289 461 2331 narn
487 2274 556 2329 tum
585 2270 704 2329 Brutus
732 2269 771 2328 ab
796 2271 898 2329 Roma
924 2271 1039 2330 aberat.
1085 2271 1252 2330 Praeterea

197 2377 367 2439 Gabinium
391 2375 531 2450 arcessit,
556 2394 617 2453 quo
642 2374 740 2436 maior
768 2374 948 2435 auctoritas·
963 2374 1099 2435 sermoni
1123 2376 1249 2436 inesset.

196 2483 242 2542 Eo
256 2487 420 2560 praesente
432 2481 678 2541 coniurationem
689 2480 799 2558 aperit,
812 2479 952 2539 nominat
967 2480 1075 2556 socios,
1091 2487 1252 2558 praeterea
1270 2497 1299 2542 20

197 2587 313 2646 multos
324 2586 475 2663 cuiusque
487 2585 608 2662 generis
623 2584 849 2662 innoxiosque
861 2584 973 2661 legatis
984 2585 1107 2644 enimus
1119 2585 1252 2663 amplior

197 2698 289 2753 esset.
331 2691 454 2751 Deinde
469 2709 520 2750 eos
535 2689 693 2768 pollicitos
708 2708 834 2767 operam
849 2709 938 2750 suam
958 2690 1085 2749 domum
1104 2690 1247 2751 dimittit.

198 2797 259 2858 Sed
292 2795 477 2873 Allobroges
506 2796 561 2855 diu
588 2795 622 2854 in
649 2795 769 2855 incerto
796 2794 933 2854 habuere
962 2795 1112 2873 quidnam
1140 2795 1251 2857 consili

198 2907 353 2981 caperent.
396 2902 436 2960 In
455 2901 554 2961 altera
571 2906 659 2978 parte
678 2906 746 2960 erat
766 2919 819 2960 aes
838 2899 986 2976 alienum,
1005 2901 1143 2961 studium
1166 2901 1251 2976 belli,

199 3027 312 3084 magna
322 3026 439 3068 merces
451 3007 485 3066 in
497 3025 551 3085 spe
562 3006 721 3080 victoriae,
734 3012 767 3066 at
782 3006 815 3065 in
826 3006 926 3066 altera
940 2985 1072 3067 maiores
1087 3027 1170 3086 opes,
1183 3013 1253 3068 tuta
1269 3023 1300 3068 25

198 3113 340 3188 consilia,
355 3132 412 3191 pro
426 3111 545 3172 incerta
560 3131 615 3190 spe
629 3118 715 3172 certa
729 3111 874 3189 praemia.
919 3113 1007 3172 Haec
1021 3112 1086 3172 illis
1101 3112 1253 3172 volventi-

198 3219 257 3279 bus
282 3218 408 3278 tandem
433 3217 512 3277 vicit
539 3218 667 3278 fortuna
691 3217 737 3277 rei
762 3218 914 3295 publicae.
959 3219 1070 3296 Itaque
1094 3218 1130 3289 Q.
1154 3218 1253 3278 Fabio

190 3325 331 3400 Sangae,
355 3323 444 3384 ouius
468 3323 642 3401 patrocinio
667 3323 779 3384 civitas
803 3325 984 3402 plurumum
1009 3324 1165 3399 utebatur,
1188 3343 1253 3382 rem

198 3449 331 3505 ornnem,
344 3429 392 3490 uti
406 3435 624 3507 cognoverant,
640 3429 793 3508 aperiunt.
837 3430 955 3505 Cicero,
967 3449 1022 3509 per
1037 3429 1171 3505 Sangam
1186 3448 1256 3489 con-

200 3535 273 3596 silio
300 3535 436 3612 cognito,
463 3535 576 3610 legatis
603 3535 763 3614 praecepit
790 3542 827 3595 nt
858 3535 997 3596 studium
1029 3534 1254 3596 coniurationis
1274 3552 1304 3597 3ο

199 3641 401 3702 vehementer
415 3640 574 3715 simulent,
590 3646 709 3701 eeteros
723 3640 846 3714 adeant,
858 3639 937 3700 bene
948 3640 1156 3719 polliceantur
1170 3640 1257 3699 dent

199 3765 261 3826 quc
273 3765 399 3826 operam
413 3745 461 3807 uti
475 3765 527 3806 eos
541 3764 634 3823 quam
650 3763 795 3805 maxume
809 3743 996 3805 manifestos
1010 3744 1153 3806 habeant.
