3038 4278
279 290 325 356 42
602 303 727 359 LATIN
752 302 1002 361 SELEOTIONS

281 479 355 534 sunt
371 479 403 533 et
419 493 458 534 ex
475 473 610 552 captivis
628 473 842 552 percunctatio
855 473 951 548 facta,
966 479 1033 533 tum
1050 473 1202 534 Claudius
1219 492 1280 533 uon
1300 474 1334 534 id

280 585 404 657 tempus
421 597 490 640 esse
507 579 551 639 rei
571 579 716 657 publicae
735 585 821 639 ratus
841 597 904 656 quo
924 578 1066 639 consiliis
1083 578 1250 639 ordinariis
1267 599 1336 657 pro

280 684 402 744 vinciae
422 703 496 745 suae
515 686 649 762 quisque
668 683 784 744 finibus
806 703 862 761 per
880 685 1036 745 exercitus
1057 703 1130 745 suos
1152 703 1223 744 cum
1242 685 1335 746 hoste

279 790 436 850 destinato
446 789 612 851 abseratu
623 789 739 850 bellum
751 796 888 866 gereret3
911 789 1089 850 audendum
1104 809 1140 850 ac
1153 792 1334 852 novandum

245 913 260 958 a
279 895 398 972 aliquid
414 895 618 974 inprovisum,
634 895 841 973 inopinatum,
853 896 937 972 quod
951 907 1095 974 coeptum
1106 915 1170 955 non
1180 897 1334 957 minorem

279 1001 362 1078 apud
383 1000 467 1060 cives
489 1019 584 1077 quam
606 999 713 1060 hostes
734 1006 884 1060 terrorem
908 1000 1035 1074 faceret,
1060 1006 1275 1078 perpetratum
1299 1002 1334 1061 in

279 1124 424 1181 magnam
449 1105 602 1166 laetitiam
629 1125 666 1164 ex
690 1124 803 1181 magno
827 1111 913 1166 metu
938 1111 1083 1182 verteret,
1111 1105 1229 1167 litteris
1254 1107 1335 1167 Has·

279 1191 419 1271 drubalis
447 1211 580 1270 Romam
605 1211 646 1271 ad
673 1217 816 1270 senatum
839 1210 947 1272 missis
971 1210 1066 1270 simul
1086 1217 1119 1272 et
1138 1211 1206 1289 ipse
1227 1219 1334 1290 patres

279 1316 473 1394 conscriptos
501 1315 579 1394 quid
606 1321 731 1393 pararet
757 1317 882 1378 edocet:
906 1321 949 1392 ut,
978 1335 1047 1376 cum
1077 1316 1111 1376 in
1139 1317 1273 1378 Umbria
1301 1336 1334 1378 se

231 1436 260 1481 10
278 1439 479 1481 occursurum
506 1420 691 1482 Hasdrubal
717 1421 810 1482 fratri
843 1421 968 1496 scribat,
997 1421 1152 1497 legionem
1179 1439 1199 1482 a
1226 1423 1336 1500 Capua

279 1527 411 1587 Romam
427 1533 596 1602 arcessant,
608 1527 759 1586 dilectum
771 1527 891 1587 Rornae
902 1526 1047 1602 habeant,
1059 1527 1231 1587 exercitum
1246 1528 1336 1589 urba

279 1652 355 1692 num
379 1632 420 1692 ad
441 1632 596 1692 Narniam
620 1632 706 1692 hosti
729 1637 898 1710 opponant.
942 1632 1030 1692 Haec
1056 1632 1182 1694 senatui
1207 1633 1333 1710 scripta

279 1739 450 1801 Praemissi
471 1739 547 1799 item
567 1757 622 1816 per
640 1755 750 1816 agrum
769 1739 948 1803 Larinatem
971 1739 1188 1800 Marrucinum
1206 1741 1336 1800 Frenta·

279 1863 355 1904 num
375 1844 623 1920 Praetutianum,
645 1863 708 1922 qua
724 1844 895 1904 exercitum
912 1844 1063 1906 ducturus
1078 1850 1155 1920 erat,
1172 1851 1209 1905 ut
1226 1864 1335 1906 omnes

231 1965 260 2010 rs
280 1968 318 2009 cx
333 1949 416 2025 agris
431 1949 622 2027 urbibusque
637 1955 827 2010 commeatus
842 1955 969 2028 paratos
981 1949 1078 2010 militi
1089 1950 1131 2010 ad
1144 1951 1334 2010 vescendum

280 2055 312 2114 in
335 2055 417 2114 viam
438 2055 607 2130 deferrent,
630 2073 726 2133 equos
750 2055 954 2133 iumentaque
975 2055 1038 2115 alia
1060 2056 1276 2132 producerent,
1298 2062 1336 2116 ut

279 2160 494 2220 vehiculorum
509 2160 704 2238 fessiscopia
718 2166 810 2222 esset.
853 2161 927 2238 Ipse
942 2161 981 2220 de
992 2166 1059 2220 toto
1070 2159 1209 2220 exercitu
1218 2161 1335 2222 civium

281 2265 495 2343 sociorumque
515 2266 598 2343 quod
618 2265 737 2326 roboris
757 2271 825 2326 crat
847 2265 973 2342 delegit,
994 2283 1049 2326 sex
1070 2265 1161 2326 milia
1180 2266 1335 2344 peditum,

280 2371 367 2431 mille
382 2371 521 2448 equites3
544 2371 728 2448 pronuntiat
747 2389 897 2449 occupare
912 2390 946 2432 se
960 2370 994 2430 in
1008 2371 1144 2432 Lucanis
1158 2371 1336 2448 proximam

231 2491 261 2536 ao
281 2477 389 2536 urbem
403 2475 620 2552 Punicumque
634 2475 668 2535 in
682 2495 719 2536 ea
733 2475 925 2554 praesidium
940 2475 1039 2536 velle:
1061 2483 1098 2536 ut
1109 2477 1148 2536 ad
1160 2475 1222 2536 iter
1232 2476 1338 2554 parati

280 2599 388 2642 omnes
403 2586 517 2640 esseut.
559 2581 724 2641 Profectus
738 2586 829 2641 noete
842 2580 932 2642 flexit
947 2581 980 2641 in
995 2580 1156 2642 Picenum,

329 2687 372 2745 Et
386 2686 494 2745 consul
511 2685 635 2763 quidem
657 2685 785 2764 quantis
803 2686 949 2746 maximis
967 2685 1134 2747 itineribus
1152 2691 1276 2764 potarat
1295 2687 1337 2748 ad

281 2792 442 2868 conlegam
452 2791 586 2852 ducebat
594 2791 704 2851 relicto
713 2792 746 2862 Q.
758 2791 849 2852 Catio
857 2791 969 2868 legato,
982 2790 1037 2868 qui
1046 2790 1158 2852 castris
1167 2798 1335 2869 praeesset

321 2898 453 2956 Tessera
466 2915 521 2973 per
536 2902 638 2956 castra
654 2896 693 2957 ab
713 2895 805 2956 Livio
819 2897 946 2957 consule
963 2897 1038 2957 data
1055 2902 1122 2956 erat
1136 2902 1172 2956 ut
1189 2897 1337 2958 tribunus

232 3017 261 3062 25
281 3002 453 3076 tribunum,
472 3001 613 3061 centurio
630 3001 852 3076 centurionem,
868 3019 962 3079 eques
978 3001 1125 3079 equitem,
1140 3002 1236 3079 pedes
1251 3002 1338 3079 pedi-

281 3114 345 3166 tem
355 3107 526 3184 acciperet:
549 3107 743 3184 nequeenim
755 3107 883 3166 dilatari
892 3112 1082 3184 castraopus
1093 3125 1171 3182 esse,
1183 3127 1223 3167 ne
1233 3108 1336 3169 bostis

228 3257 230 3262 ,
282 3213 454 3273 adventum
469 3211 599 3272 alterius
613 3213 752 3273 consulis
768 3213 917 3288 sentiret3
939 3218 972 3273 et
985 3212 1138 3273 coartatio
1152 3213 1290 3290 plurium
1302 3213 1336 3272 in

282 3324 417 3395 angusto
439 3318 636 3378 tendentium
661 3318 786 3378 facilior
809 3318 919 3378 futura
938 3325 1014 3393 erat,
1037 3318 1121 3397 quod
1142 3318 1337 3380 Claudianus

282 3423 439 3483 exercitus
461 3423 541 3482 nihil
558 3424 657 3482 ferme
676 3429 800 3502 praeter
817 3442 904 3483 arma
920 3441 1026 3484 secum
1045 3424 1078 3483 in
1103 3423 1336 3501 expeditionem

234 3544 264 3590 ac
282 3528 408 3589 tulerat.
451 3529 595 3589 Ceterum
612 3528 646 3587 in
662 3529 732 3606 ipso
748 3529 860 3588 itinere
877 3535 1001 3589 auctum
1019 3529 1208 3590 voluntariis
1225 3547 1338 3605 agmen

283 3640 360 3709 erat,
370 3633 573 3694 offerentibus
584 3633 668 3693 ultro
687 3652 755 3694 sese
769 3641 801 3693 et
819 3635 977 3696 veteribus
989 3634 1145 3694 militibus
1159 3633 1337 3713 perfunctis

284 3740 346 3800 iam
370 3738 485 3798 militia
507 3744 538 3798 et
560 3738 735 3813 iuvenibus,
759 3758 837 3816 quos
862 3739 1003 3800 certatim
1027 3740 1155 3800 nomina
1174 3740 1286 3799 dantes
1310 3739 1338 3799 si
