<?xml version="1.0" encoding="UTF-8"?>
<!DOCTYPE html PUBLIC "-//W3C//DTD XHTML 1.0 Transitional//EN"
    "http://www.w3.org/TR/xhtml1/DTD/xhtml1-transitional.dtd">
<html xmlns="http://www.w3.org/1999/xhtml" xml:lang="en" lang="en">
 <head>
  <title>
</title>
<meta http-equiv="Content-Type" content="text/html;charset=utf-8" />
  <meta name='ocr-system' content='tesseract 3.04.00' />
  <meta name='ocr-capabilities' content='ocr_page ocr_carea ocr_par ocr_line ocrx_word'/>
</head>
<body>
  <div class='ocr_page' id='page_1' title='image "./selectionsfromr00miergoog_0106.png"; bbox 0 0 3058 4284; ppageno 0'>
   <div class='ocr_carea' id='block_1_1' title="bbox 528 297 1265 364">
    <p class='ocr_par' dir='ltr' id='par_1_1' title="bbox 528 297 1265 364">
     <span class='ocr_line' id='line_1_1' title="bbox 528 297 1265 364; baseline 0.001 -1"><span class='ocrx_word' id='word_1_1' title='bbox 528 307 734 364; x_wconf 81' lang='lat' dir='ltr'>SALLUST&#39;S</span> <span class='ocrx_word' id='word_1_2' title='bbox 759 307 954 364; x_wconf 76' lang='lat' dir='ltr'>CATILINll</span> <span class='ocrx_word' id='word_1_3' title='bbox 1225 297 1265 364; x_wconf 85' lang='lat'>91</span> 
     </span>
    </p>
   </div>
   <div class='ocr_carea' id='block_1_2' title="bbox 156 477 1381 2011">
    <p class='ocr_par' dir='ltr' id='par_1_2' title="bbox 156 477 1381 2011">
     <span class='ocr_line' id='line_1_2' title="bbox 213 477 1269 554; baseline -0.003 -14"><span class='ocrx_word' id='word_1_4' title='bbox 213 479 380 541; x_wconf 80' lang='lat' dir='ltr'>itineribus</span> <span class='ocrx_word' id='word_1_5' title='bbox 407 478 441 537; x_wconf 91' lang='lat' dir='ltr'>iu</span> <span class='ocrx_word' id='word_1_6' title='bbox 465 497 576 554; x_wconf 88' lang='lat' dir='ltr'>agrum</span> <span class='ocrx_word' id='word_1_7' title='bbox 601 478 827 539; x_wconf 83' lang='lat' dir='ltr'>Pistoriensem</span> <span class='ocrx_word' id='word_1_8' title='bbox 852 477 980 538; x_wconf 89' lang='lat' dir='ltr'>abducit</span> <span class='ocrx_word' id='word_1_9' title='bbox 1001 496 1037 538; x_wconf 92' lang='lat' dir='ltr'>eo</span> <span class='ocrx_word' id='word_1_10' title='bbox 1058 478 1199 554; x_wconf 88' lang='lat' dir='ltr'>oonsilio,</span> <span class='ocrx_word' id='word_1_11' title='bbox 1221 479 1269 538; x_wconf 92' lang='lat' dir='ltr'>uti</span> 
     </span>
     <span class='ocr_line' id='line_1_3' title="bbox 212 581 1268 664; baseline -0.001 -19"><span class='ocrx_word' id='word_1_12' title='bbox 212 605 268 664; x_wconf 87' lang='lat' dir='ltr'>per</span> <span class='ocrx_word' id='word_1_13' title='bbox 288 584 433 645; x_wconf 77' lang='lat' dir='ltr'>tramites</span> <span class='ocrx_word' id='word_1_14' title='bbox 456 583 575 644; x_wconf 90' lang='lat' dir='ltr'>occulte</span> <span class='ocrx_word' id='word_1_15' title='bbox 600 584 781 662; x_wconf 81' lang='lat' dir='ltr'>perfugeret</span> <span class='ocrx_word' id='word_1_16' title='bbox 801 582 835 644; x_wconf 90' lang='lat' dir='ltr'>in</span> <span class='ocrx_word' id='word_1_17' title='bbox 857 581 994 643; x_wconf 86' lang='lat' dir='ltr'>Galliam</span> <span class='ocrx_word' id='word_1_18' title='bbox 1018 583 1268 661; x_wconf 79' lang='lat' dir='ltr'>Transalpinam.</span> 
     </span>
     <span class='ocr_line' id='line_1_4' title="bbox 212 687 1269 764; baseline -0.002 -14"><span class='ocrx_word' id='word_1_19' title='bbox 212 691 258 750; x_wconf 85' lang='lat' dir='ltr'>At</span> <span class='ocrx_word' id='word_1_20' title='bbox 278 690 313 760; x_wconf 80' lang='lat' dir='ltr'>Q.</span> <span class='ocrx_word' id='word_1_21' title='bbox 330 689 478 750; x_wconf 88' lang='lat' dir='ltr'>Metellus</span> <span class='ocrx_word' id='word_1_22' title='bbox 495 687 585 749; x_wconf 85' lang='lat' dir='ltr'>Celer</span> <span class='ocrx_word' id='word_1_23' title='bbox 598 707 670 748; x_wconf 90' lang='lat' dir='ltr'>oum</span> <span class='ocrx_word' id='word_1_24' title='bbox 690 688 792 750; x_wconf 89' lang='lat' dir='ltr'>tribus</span> <span class='ocrx_word' id='word_1_25' title='bbox 806 687 982 764; x_wconf 84' lang='lat' dir='ltr'>legionibus</span> <span class='ocrx_word' id='word_1_26' title='bbox 1003 688 1037 747; x_wconf 91' lang='lat' dir='ltr'>in</span> <span class='ocrx_word' id='word_1_27' title='bbox 1059 707 1133 764; x_wconf 90' lang='lat' dir='ltr'>agro</span> <span class='ocrx_word' id='word_1_28' title='bbox 1154 688 1269 748; x_wconf 91' lang='lat' dir='ltr'>Piceno</span> 
     </span>
     <span class='ocr_line' id='line_1_5' title="bbox 212 785 1269 873; baseline 0 -19"><span class='ocrx_word' id='word_1_29' title='bbox 212 795 420 873; x_wconf 82' lang='lat' dir='ltr'>praesidebat,</span> <span class='ocrx_word' id='word_1_30' title='bbox 446 813 484 854; x_wconf 86' lang='lat' dir='ltr'>ex</span> <span class='ocrx_word' id='word_1_31' title='bbox 510 792 695 854; x_wconf 89' lang='lat' dir='ltr'>difficultate</span> <span class='ocrx_word' id='word_1_32' title='bbox 721 812 823 853; x_wconf 89' lang='lat' dir='ltr'>rerum</span> <span class='ocrx_word' id='word_1_33' title='bbox 848 794 956 853; x_wconf 88' lang='lat' dir='ltr'>eadem</span> <span class='ocrx_word' id='word_1_34' title='bbox 984 785 1041 854; x_wconf 87' lang='lat' dir='ltr'>illa</span> <span class='ocrx_word' id='word_1_35' title='bbox 1065 794 1269 869; x_wconf 86' lang='lat' dir='ltr'>existumans,</span> 
     </span>
     <span class='ocr_line' id='line_1_6' title="bbox 212 898 1303 978; baseline -0.002 -18"><span class='ocrx_word' id='word_1_36' title='bbox 212 919 292 977; x_wconf 86' lang='lat' dir='ltr'>quae</span> <span class='ocrx_word' id='word_1_37' title='bbox 308 919 404 978; x_wconf 90' lang='lat' dir='ltr'>supra</span> <span class='ocrx_word' id='word_1_38' title='bbox 417 900 555 960; x_wconf 86' lang='lat' dir='ltr'>diximus</span> <span class='ocrx_word' id='word_1_39' title='bbox 577 898 748 960; x_wconf 82' lang='lat' dir='ltr'>Catilinam</span> <span class='ocrx_word' id='word_1_40' title='bbox 769 899 898 976; x_wconf 89' lang='lat' dir='ltr'>agitare.</span> <span class='ocrx_word' id='word_1_41' title='bbox 941 899 1044 975; x_wconf 85' lang='lat' dir='ltr'>Igitur</span> <span class='ocrx_word' id='word_1_42' title='bbox 1059 899 1112 959; x_wconf 91' lang='lat' dir='ltr'>ubi</span> <span class='ocrx_word' id='word_1_43' title='bbox 1127 899 1187 958; x_wconf 90' lang='lat' dir='ltr'>iter</span> <span class='ocrx_word' id='word_1_44' title='bbox 1201 899 1269 959; x_wconf 91' lang='lat' dir='ltr'>eius</span> <span class='ocrx_word' id='word_1_45' title='bbox 1287 913 1303 958; x_wconf 82' lang='lat' dir='ltr'>o</span> 
     </span>
     <span class='ocr_line' id='line_1_7' title="bbox 212 1003 1295 1082; baseline 0.005 -18"><span class='ocrx_word' id='word_1_46' title='bbox 212 1023 252 1064; x_wconf 85' lang='lat' dir='ltr'>ex</span> <span class='ocrx_word' id='word_1_47' title='bbox 278 1003 422 1082; x_wconf 83' lang='lat' dir='ltr'>perfugis</span> <span class='ocrx_word' id='word_1_48' title='bbox 449 1005 605 1080; x_wconf 89' lang='lat' dir='ltr'>coguovit,</span> <span class='ocrx_word' id='word_1_49' title='bbox 630 1009 734 1064; x_wconf 90' lang='lat' dir='ltr'>castra</span> <span class='ocrx_word' id='word_1_50' title='bbox 760 1021 892 1081; x_wconf 89' lang='lat' dir='ltr'>propere</span> <span class='ocrx_word' id='word_1_51' title='bbox 917 1005 1016 1064; x_wconf 83' lang='lat' dir='ltr'>morit</span> <span class='ocrx_word' id='word_1_52' title='bbox 1040 1023 1076 1064; x_wconf 91' lang='lat' dir='ltr'>ao</span> <span class='ocrx_word' id='word_1_53' title='bbox 1104 1005 1163 1064; x_wconf 92' lang='lat' dir='ltr'>sub</span> <span class='ocrx_word' id='word_1_54' title='bbox 1190 1004 1268 1081; x_wconf 89' lang='lat' dir='ltr'>ipsis</span> <span class='ocrx_word' id='word_1_55' title='bbox 1293 1066 1295 1069; x_wconf 83' lang='grc'>.</span> 
     </span>
     <span class='ocr_line' id='line_1_8' title="bbox 212 1108 1269 1187; baseline 0.002 -19"><span class='ocrx_word' id='word_1_56' title='bbox 212 1109 370 1170; x_wconf 84' lang='lat' dir='ltr'>radicibus</span> <span class='ocrx_word' id='word_1_57' title='bbox 386 1109 540 1170; x_wconf 89' lang='lat' dir='ltr'>montium</span> <span class='ocrx_word' id='word_1_58' title='bbox 554 1108 706 1184; x_wconf 81' lang='lat' dir='ltr'>consedit,</span> <span class='ocrx_word' id='word_1_59' title='bbox 722 1128 784 1187; x_wconf 90' lang='lat' dir='ltr'>qua</span> <span class='ocrx_word' id='word_1_60' title='bbox 804 1108 855 1168; x_wconf 93' lang='lat' dir='ltr'>illi</span> <span class='ocrx_word' id='word_1_61' title='bbox 876 1110 1044 1172; x_wconf 83' lang='lat' dir='ltr'>descensus</span> <span class='ocrx_word' id='word_1_62' title='bbox 1065 1115 1133 1170; x_wconf 89' lang='lat' dir='ltr'>crat</span> <span class='ocrx_word' id='word_1_63' title='bbox 1148 1111 1181 1169; x_wconf 90' lang='lat' dir='ltr'>in</span> <span class='ocrx_word' id='word_1_64' title='bbox 1197 1110 1269 1171; x_wconf 86' lang='lat' dir='ltr'>Gal-</span> 
     </span>
     <span class='ocr_line' id='line_1_9' title="bbox 211 1215 1267 1294; baseline 0 -20"><span class='ocrx_word' id='word_1_65' title='bbox 211 1215 286 1275; x_wconf 90' lang='lat' dir='ltr'>liam</span> <span class='ocrx_word' id='word_1_66' title='bbox 314 1215 504 1293; x_wconf 90' lang='lat' dir='ltr'>properanti.</span> <span class='ocrx_word' id='word_1_67' title='bbox 546 1215 659 1292; x_wconf 86' lang='lat' dir='ltr'>Neque</span> <span class='ocrx_word' id='word_1_68' title='bbox 686 1222 795 1274; x_wconf 89' lang='lat' dir='ltr'>tamen</span> <span class='ocrx_word' id='word_1_69' title='bbox 820 1215 980 1276; x_wconf 90' lang='lat' dir='ltr'>Antonius</span> <span class='ocrx_word' id='word_1_70' title='bbox 1014 1215 1122 1294; x_wconf 91' lang='lat' dir='ltr'>procul</span> <span class='ocrx_word' id='word_1_71' title='bbox 1151 1215 1267 1290; x_wconf 89' lang='lat' dir='ltr'>aberat,</span> 
     </span>
     <span class='ocr_line' id='line_1_10' title="bbox 156 1319 1268 1399; baseline 0.001 -19"><span class='ocrx_word' id='word_1_72' title='bbox 156 1387 160 1395; x_wconf 24' lang='lat'>⁸</span> <span class='ocrx_word' id='word_1_73' title='bbox 210 1325 321 1398; x_wconf 83' lang='lat' dir='ltr'>utpote</span> <span class='ocrx_word' id='word_1_74' title='bbox 345 1320 400 1396; x_wconf 93' lang='lat' dir='ltr'>qui</span> <span class='ocrx_word' id='word_1_75' title='bbox 423 1337 537 1394; x_wconf 90' lang='lat' dir='ltr'>magno</span> <span class='ocrx_word' id='word_1_76' title='bbox 560 1319 702 1380; x_wconf 86' lang='lat' dir='ltr'>exercitu</span> <span class='ocrx_word' id='word_1_77' title='bbox 727 1320 805 1380; x_wconf 90' lang='lat' dir='ltr'>locis</span> <span class='ocrx_word' id='word_1_78' title='bbox 829 1320 1028 1397; x_wconf 87' lang='lat' dir='ltr'>aequioribus</span> <span class='ocrx_word' id='word_1_79' title='bbox 1050 1321 1213 1399; x_wconf 85' lang='lat' dir='ltr'>expeditos</span> <span class='ocrx_word' id='word_1_80' title='bbox 1235 1322 1268 1381; x_wconf 90' lang='lat' dir='ltr'>in</span> 
     </span>
     <span class='ocr_line' id='line_1_11' title="bbox 211 1424 1316 1503; baseline 0 -19"><span class='ocrx_word' id='word_1_81' title='bbox 211 1425 288 1500; x_wconf 86' lang='lat' dir='ltr'>fuga</span> <span class='ocrx_word' id='word_1_82' title='bbox 312 1429 502 1502; x_wconf 84' lang='lat' dir='ltr'>sequeretur.</span> <span class='ocrx_word' id='word_1_83' title='bbox 546 1425 608 1484; x_wconf 85' lang='lat' dir='ltr'>Sed</span> <span class='ocrx_word' id='word_1_84' title='bbox 633 1424 780 1498; x_wconf 82' lang='lat' dir='ltr'>Catilina,</span> <span class='ocrx_word' id='word_1_85' title='bbox 805 1431 972 1503; x_wconf 87' lang='lat' dir='ltr'>postquam</span> <span class='ocrx_word' id='word_1_86' title='bbox 997 1425 1085 1486; x_wconf 89' lang='lat' dir='ltr'>videt</span> <span class='ocrx_word' id='word_1_87' title='bbox 1108 1427 1268 1488; x_wconf 87' lang='lat' dir='ltr'>montibus</span> <span class='ocrx_word' id='word_1_88' title='bbox 1287 1439 1316 1484; x_wconf 83' lang='lat' dir='ltr'>ro</span> 
     </span>
     <span class='ocr_line' id='line_1_12' title="bbox 210 1528 1381 1608; baseline 0.003 -19"><span class='ocrx_word' id='word_1_89' title='bbox 210 1535 306 1606; x_wconf 91' lang='lat' dir='ltr'>atque</span> <span class='ocrx_word' id='word_1_90' title='bbox 327 1529 426 1606; x_wconf 90' lang='lat' dir='ltr'>copiis</span> <span class='ocrx_word' id='word_1_91' title='bbox 448 1528 588 1590; x_wconf 90' lang='lat' dir='ltr'>hostium</span> <span class='ocrx_word' id='word_1_92' title='bbox 610 1548 676 1590; x_wconf 88' lang='lat' dir='ltr'>sese</span> <span class='ocrx_word' id='word_1_93' title='bbox 698 1529 850 1606; x_wconf 89' lang='lat' dir='ltr'>clausum,</span> <span class='ocrx_word' id='word_1_94' title='bbox 876 1531 910 1590; x_wconf 93' lang='lat' dir='ltr'>in</span> <span class='ocrx_word' id='word_1_95' title='bbox 933 1531 1009 1591; x_wconf 91' lang='lat' dir='ltr'>urbe</span> <span class='ocrx_word' id='word_1_96' title='bbox 1034 1550 1083 1592; x_wconf 88' lang='lat' dir='ltr'>res</span> <span class='ocrx_word' id='word_1_97' title='bbox 1108 1533 1267 1608; x_wconf 77' lang='lat' dir='ltr'>advorsae,</span> <span class='ocrx_word' id='word_1_98' title='bbox 1377 1543 1381 1551; x_wconf 84' lang='lat'>&#39;</span> 
     </span>
     <span class='ocr_line' id='line_1_13' title="bbox 210 1634 1349 1714; baseline 0.005 -22"><span class='ocrx_word' id='word_1_99' title='bbox 210 1652 312 1712; x_wconf 89' lang='lat' dir='ltr'>neque</span> <span class='ocrx_word' id='word_1_100' title='bbox 337 1634 431 1709; x_wconf 80' lang='lat' dir='ltr'>fugae</span> <span class='ocrx_word' id='word_1_101' title='bbox 455 1653 556 1712; x_wconf 91' lang='lat' dir='ltr'>neque</span> <span class='ocrx_word' id='word_1_102' title='bbox 581 1635 719 1712; x_wconf 89' lang='lat' dir='ltr'>praesidi</span> <span class='ocrx_word' id='word_1_103' title='bbox 745 1634 842 1695; x_wconf 90' lang='lat' dir='ltr'>ullam</span> <span class='ocrx_word' id='word_1_104' title='bbox 869 1655 966 1714; x_wconf 89' lang='lat' dir='ltr'>spem,</span> <span class='ocrx_word' id='word_1_105' title='bbox 991 1643 1155 1714; x_wconf 91' lang='lat' dir='ltr'>optumum</span> <span class='ocrx_word' id='word_1_106' title='bbox 1180 1638 1267 1698; x_wconf 84' lang='lat' dir='ltr'>iactu</span> <span class='ocrx_word' id='word_1_107' title='bbox 1342 1641 1349 1654; x_wconf 92' lang='grc'><strong>’</strong></span> 
     </span>
     <span class='ocr_line' id='line_1_14' title="bbox 210 1738 1267 1818; baseline 0.005 -20"><span class='ocrx_word' id='word_1_108' title='bbox 210 1745 297 1800; x_wconf 89' lang='lat' dir='ltr'>ratus</span> <span class='ocrx_word' id='word_1_109' title='bbox 312 1738 346 1798; x_wconf 91' lang='lat' dir='ltr'>in</span> <span class='ocrx_word' id='word_1_110' title='bbox 357 1738 416 1798; x_wconf 91' lang='lat' dir='ltr'>tali</span> <span class='ocrx_word' id='word_1_111' title='bbox 428 1757 460 1798; x_wconf 91' lang='lat' dir='ltr'>re</span> <span class='ocrx_word' id='word_1_112' title='bbox 475 1739 636 1800; x_wconf 82' lang='lat' dir='ltr'>fortunam</span> <span class='ocrx_word' id='word_1_113' title='bbox 652 1739 727 1800; x_wconf 89' lang='lat' dir='ltr'>belli</span> <span class='ocrx_word' id='word_1_114' title='bbox 741 1746 905 1818; x_wconf 88' lang='lat' dir='ltr'>temptare,</span> <span class='ocrx_word' id='word_1_115' title='bbox 919 1742 1033 1802; x_wconf 89' lang='lat' dir='ltr'>statuit</span> <span class='ocrx_word' id='word_1_116' title='bbox 1044 1761 1114 1800; x_wconf 93' lang='lat' dir='ltr'>cum</span> <span class='ocrx_word' id='word_1_117' title='bbox 1127 1743 1267 1803; x_wconf 84' lang='lat' dir='ltr'>Antonio</span> 
     </span>
     <span class='ocr_line' id='line_1_15' title="bbox 210 1843 1267 1923; baseline 0.006 -21"><span class='ocrx_word' id='word_1_118' title='bbox 210 1843 456 1922; x_wconf 90' lang='lat' dir='ltr'>quamprimum</span> <span class='ocrx_word' id='word_1_119' title='bbox 478 1844 654 1920; x_wconf 90' lang='lat' dir='ltr'>confligere.</span> <span class='ocrx_word' id='word_1_120' title='bbox 698 1847 809 1923; x_wconf 81' lang='lat' dir='ltr'>Itaque</span> <span class='ocrx_word' id='word_1_121' title='bbox 832 1845 976 1906; x_wconf 90' lang='lat' dir='ltr'>contione</span> <span class='ocrx_word' id='word_1_122' title='bbox 998 1848 1150 1908; x_wconf 90' lang='lat' dir='ltr'>advocata</span> <span class='ocrx_word' id='word_1_123' title='bbox 1163 1847 1267 1909; x_wconf 79' lang='lat' dir='ltr'>huius</span> 
     </span>
     <span class='ocr_line' id='line_1_16' title="bbox 210 1947 1314 2011; baseline -0.001 -3"><span class='ocrx_word' id='word_1_124' title='bbox 210 1947 332 2008; x_wconf 89' lang='lat' dir='ltr'>comodi</span> <span class='ocrx_word' id='word_1_125' title='bbox 346 1949 518 2009; x_wconf 89' lang='lat' dir='ltr'>orationem</span> <span class='ocrx_word' id='word_1_126' title='bbox 532 1949 660 2011; x_wconf 89' lang='lat' dir='ltr'>habuit:</span> <span class='ocrx_word' id='word_1_127' title='bbox 1286 1962 1314 2007; x_wconf 84' lang='lat' dir='ltr'>m</span> 
     </span>
    </p>
   </div>
   <div class='ocr_carea' id='block_1_3' title="bbox 386 2151 1104 2309">
    <p class='ocr_par' dir='ltr' id='par_1_3' title="bbox 386 2151 1104 2309">
     <span class='ocr_line' id='line_1_17' title="bbox 502 2151 988 2215; baseline 0.004 -13"><span class='ocrx_word' id='word_1_128' title='bbox 502 2151 644 2202; x_wconf 66' lang='lat' dir='ltr'>Catilinas</span> <span class='ocrx_word' id='word_1_129' title='bbox 657 2154 710 2203; x_wconf 81' lang='lat' dir='ltr'>last</span> <span class='ocrx_word' id='word_1_130' title='bbox 722 2154 814 2215; x_wconf 74' lang='lat' dir='ltr'>speech</span> <span class='ocrx_word' id='word_1_131' title='bbox 827 2159 854 2204; x_wconf 87' lang='lat' dir='ltr'>to</span> <span class='ocrx_word' id='word_1_132' title='bbox 867 2155 909 2204; x_wconf 70' lang='lat' dir='ltr'>aas</span> <span class='ocrx_word' id='word_1_133' title='bbox 920 2168 988 2206; x_wconf 83' lang='lat' dir='ltr'>men.</span> 
     </span>
     <span class='ocr_line' id='line_1_18' title="bbox 386 2269 1104 2309; baseline 0.008 -6"><span class='ocrx_word' id='word_1_134' title='bbox 386 2269 403 2304; x_wconf 66' lang='lat' dir='ltr'>a</span> <span class='ocrx_word' id='word_1_135' title='bbox 502 2269 519 2303; x_wconf 72' lang='lat' dir='ltr'>s</span> <span class='ocrx_word' id='word_1_136' title='bbox 617 2269 634 2303; x_wconf 72' lang='lat' dir='ltr'>s</span> <span class='ocrx_word' id='word_1_137' title='bbox 732 2270 749 2305; x_wconf 66' lang='lat' dir='ltr'>a</span> <span class='ocrx_word' id='word_1_138' title='bbox 857 2271 874 2306; x_wconf 70' lang='lat' dir='ltr'>u</span> <span class='ocrx_word' id='word_1_139' title='bbox 972 2273 989 2307; x_wconf 70' lang='lat' dir='ltr'>a</span> <span class='ocrx_word' id='word_1_140' title='bbox 1087 2275 1104 2309; x_wconf 70' lang='lat' dir='ltr'>a</span> 
     </span>
    </p>
   </div>
   <div class='ocr_carea' id='block_1_4' title="bbox 209 2357 1315 3070">
    <p class='ocr_par' dir='ltr' id='par_1_4' title="bbox 209 2357 1315 3070">
     <span class='ocr_line' id='line_1_19' title="bbox 252 2357 1265 2439; baseline 0.007 -22"><span class='ocrx_word' id='word_1_141' title='bbox 252 2357 359 2417; x_wconf 84' lang='lat' dir='ltr'>“Cum</span> <span class='ocrx_word' id='word_1_142' title='bbox 369 2375 424 2417; x_wconf 87' lang='lat' dir='ltr'>vos</span> <span class='ocrx_word' id='word_1_143' title='bbox 440 2357 612 2434; x_wconf 87' lang='lat' dir='ltr'>considero,</span> <span class='ocrx_word' id='word_1_144' title='bbox 624 2357 752 2433; x_wconf 87' lang='lat' dir='ltr'>milites,</span> <span class='ocrx_word' id='word_1_145' title='bbox 767 2364 799 2419; x_wconf 89' lang='lat' dir='ltr'>et</span> <span class='ocrx_word' id='word_1_146' title='bbox 813 2378 885 2420; x_wconf 90' lang='lat' dir='ltr'>cum</span> <span class='ocrx_word' id='word_1_147' title='bbox 899 2360 986 2421; x_wconf 88' lang='lat' dir='ltr'>facta</span> <span class='ocrx_word' id='word_1_148' title='bbox 996 2367 1104 2422; x_wconf 85' lang='lat' dir='ltr'>vostra</span> <span class='ocrx_word' id='word_1_149' title='bbox 1114 2367 1265 2439; x_wconf 86' lang='lat' dir='ltr'>aestumo,</span> 
     </span>
     <span class='ocr_line' id='line_1_20' title="bbox 210 2463 1265 2542; baseline 0.007 -20"><span class='ocrx_word' id='word_1_150' title='bbox 210 2481 326 2539; x_wconf 89' lang='lat' dir='ltr'>magna</span> <span class='ocrx_word' id='word_1_151' title='bbox 351 2481 402 2522; x_wconf 89' lang='lat' dir='ltr'>me</span> <span class='ocrx_word' id='word_1_152' title='bbox 434 2481 506 2541; x_wconf 89' lang='lat' dir='ltr'>spes</span> <span class='ocrx_word' id='word_1_153' title='bbox 533 2463 683 2523; x_wconf 86' lang='lat' dir='ltr'>victoriae</span> <span class='ocrx_word' id='word_1_154' title='bbox 713 2469 808 2525; x_wconf 88' lang='lat' dir='ltr'>tenet.</span> <span class='ocrx_word' id='word_1_155' title='bbox 864 2465 1010 2541; x_wconf 90' lang='lat' dir='ltr'>Animus,</span> <span class='ocrx_word' id='word_1_156' title='bbox 1039 2472 1136 2542; x_wconf 89' lang='lat' dir='ltr'>aetas,</span> <span class='ocrx_word' id='word_1_157' title='bbox 1165 2468 1265 2540; x_wconf 81' lang='lat' dir='ltr'>virtus</span> 
     </span>
     <span class='ocr_line' id='line_1_21' title="bbox 210 2567 1265 2649; baseline 0.009 -24"><span class='ocrx_word' id='word_1_158' title='bbox 210 2573 318 2628; x_wconf 85' lang='lat' dir='ltr'>vostra</span> <span class='ocrx_word' id='word_1_159' title='bbox 347 2586 395 2626; x_wconf 90' lang='lat' dir='ltr'>me</span> <span class='ocrx_word' id='word_1_160' title='bbox 424 2567 600 2643; x_wconf 85' lang='lat' dir='ltr'>hortantur,</span> <span class='ocrx_word' id='word_1_161' title='bbox 630 2575 793 2646; x_wconf 88' lang='lat' dir='ltr'>praeterea</span> <span class='ocrx_word' id='word_1_162' title='bbox 820 2570 1029 2646; x_wconf 88' lang='lat' dir='ltr'>necessitudo,</span> <span class='ocrx_word' id='word_1_163' title='bbox 1059 2591 1139 2649; x_wconf 89' lang='lat' dir='ltr'>quae</span> <span class='ocrx_word' id='word_1_164' title='bbox 1170 2574 1265 2636; x_wconf 89' lang='lat' dir='ltr'>etiam</span> 
     </span>
     <span class='ocr_line' id='line_1_22' title="bbox 210 2671 1267 2738; baseline 0.008 -7"><span class='ocrx_word' id='word_1_165' title='bbox 210 2671 339 2732; x_wconf 90' lang='lat' dir='ltr'>timidos</span> <span class='ocrx_word' id='word_1_166' title='bbox 361 2672 454 2732; x_wconf 83' lang='lat' dir='ltr'>fortis</span> <span class='ocrx_word' id='word_1_167' title='bbox 475 2671 563 2732; x_wconf 76' lang='lat' dir='ltr'>iacit.</span> <span class='ocrx_word' id='word_1_168' title='bbox 614 2673 698 2732; x_wconf 89' lang='lat' dir='ltr'>Nam</span> <span class='ocrx_word' id='word_1_169' title='bbox 721 2672 892 2735; x_wconf 90' lang='lat' dir='ltr'>multitudo</span> <span class='ocrx_word' id='word_1_170' title='bbox 917 2675 1054 2736; x_wconf 91' lang='lat' dir='ltr'>hostium</span> <span class='ocrx_word' id='word_1_171' title='bbox 1077 2696 1116 2736; x_wconf 92' lang='lat' dir='ltr'>ne</span> <span class='ocrx_word' id='word_1_172' title='bbox 1138 2678 1267 2738; x_wconf 87' lang='lat' dir='ltr'>circum·</span> 
     </span>
     <span class='ocr_line' id='line_1_23' title="bbox 210 2754 1315 2855; baseline 0.011 -19"><span class='ocrx_word' id='word_1_173' title='bbox 210 2777 318 2836; x_wconf 88' lang='lat' dir='ltr'>venire</span> <span class='ocrx_word' id='word_1_174' title='bbox 343 2754 446 2854; x_wconf 69' lang='lat' dir='ltr'>queat,</span> <span class='ocrx_word' id='word_1_175' title='bbox 477 2777 645 2855; x_wconf 90' lang='lat' dir='ltr'>prohibent</span> <span class='ocrx_word' id='word_1_176' title='bbox 673 2779 837 2854; x_wconf 89' lang='lat' dir='ltr'>angustiae</span> <span class='ocrx_word' id='word_1_177' title='bbox 865 2779 934 2840; x_wconf 91' lang='lat' dir='ltr'>loci.</span> <span class='ocrx_word' id='word_1_178' title='bbox 978 2781 1068 2850; x_wconf 85' lang='lat' dir='ltr'>Quod</span> <span class='ocrx_word' id='word_1_179' title='bbox 1096 2783 1124 2843; x_wconf 89' lang='lat' dir='ltr'>si</span> <span class='ocrx_word' id='word_1_180' title='bbox 1151 2783 1265 2845; x_wconf 82' lang='lat' dir='ltr'>virtuti</span> <span class='ocrx_word' id='word_1_181' title='bbox 1285 2804 1315 2849; x_wconf 85' lang='lat' dir='ltr'>ao</span> 
     </span>
     <span class='ocr_line' id='line_1_24' title="bbox 210 2882 1265 2965; baseline 0.009 -25"><span class='ocrx_word' id='word_1_182' title='bbox 210 2888 335 2942; x_wconf 86' lang='lat' dir='ltr'>vostrae</span> <span class='ocrx_word' id='word_1_183' title='bbox 356 2882 485 2942; x_wconf 87' lang='lat' dir='ltr'>fortuna</span> <span class='ocrx_word' id='word_1_184' title='bbox 506 2883 667 2959; x_wconf 85' lang='lat' dir='ltr'>inviderit,</span> <span class='ocrx_word' id='word_1_185' title='bbox 689 2890 797 2944; x_wconf 88' lang='lat' dir='ltr'>cavete</span> <span class='ocrx_word' id='word_1_186' title='bbox 819 2885 915 2945; x_wconf 90' lang='lat' dir='ltr'>inulti</span> <span class='ocrx_word' id='word_1_187' title='bbox 935 2886 1073 2948; x_wconf 90' lang='lat' dir='ltr'>animam</span> <span class='ocrx_word' id='word_1_188' title='bbox 1099 2890 1265 2965; x_wconf 89' lang='lat' dir='ltr'>amittatis,</span> 
     </span>
     <span class='ocr_line' id='line_1_25' title="bbox 209 2986 1265 3070; baseline 0.009 -25"><span class='ocrx_word' id='word_1_189' title='bbox 209 3005 272 3046; x_wconf 91' lang='lat' dir='ltr'>neu</span> <span class='ocrx_word' id='word_1_190' title='bbox 291 2986 378 3065; x_wconf 87' lang='lat' dir='ltr'>capti</span> <span class='ocrx_word' id='word_1_191' title='bbox 402 2986 508 3065; x_wconf 89' lang='lat' dir='ltr'>potius</span> <span class='ocrx_word' id='word_1_192' title='bbox 533 2988 628 3049; x_wconf 88' lang='lat' dir='ltr'>sicuti</span> <span class='ocrx_word' id='word_1_193' title='bbox 652 3007 765 3067; x_wconf 92' lang='lat' dir='ltr'>pecora</span> <span class='ocrx_word' id='word_1_194' title='bbox 786 2991 989 3051; x_wconf 88' lang='lat' dir='ltr'>trucidemini</span> <span class='ocrx_word' id='word_1_195' title='bbox 1011 3013 1105 3070; x_wconf 90' lang='lat' dir='ltr'>quam</span> <span class='ocrx_word' id='word_1_196' title='bbox 1127 2994 1265 3055; x_wconf 88' lang='lat' dir='ltr'>virorum</span> 
     </span>
    </p>
   </div>
   <div class='ocr_carea' id='block_1_5' title="bbox 209 3096 1265 3275">
    <p class='ocr_par' dir='ltr' id='par_1_5' title="bbox 209 3096 1265 3275">
     <span class='ocr_line' id='line_1_26' title="bbox 210 3096 1265 3173; baseline 0.011 -23"><span class='ocrx_word' id='word_1_197' title='bbox 210 3109 295 3150; x_wconf 91' lang='lat' dir='ltr'>more</span> <span class='ocrx_word' id='word_1_198' title='bbox 305 3098 480 3169; x_wconf 86' lang='lat' dir='ltr'>pugnantes</span> <span class='ocrx_word' id='word_1_199' title='bbox 490 3101 651 3154; x_wconf 87' lang='lat' dir='ltr'>cruentam</span> <span class='ocrx_word' id='word_1_200' title='bbox 661 3099 755 3173; x_wconf 90' lang='lat' dir='ltr'>atque</span> <span class='ocrx_word' id='word_1_201' title='bbox 764 3096 940 3157; x_wconf 90' lang='lat' dir='ltr'>luctuosam</span> <span class='ocrx_word' id='word_1_202' title='bbox 948 3098 1111 3158; x_wconf 86' lang='lat' dir='ltr'>victoriam</span> <span class='ocrx_word' id='word_1_203' title='bbox 1121 3099 1265 3162; x_wconf 90' lang='lat' dir='ltr'>hostibus</span> 
     </span>
     <span class='ocr_line' id='line_1_27' title="bbox 209 3195 430 3275; baseline 0.018 -20"><span class='ocrx_word' id='word_1_204' title='bbox 209 3195 430 3275; x_wconf 85' lang='lat' dir='ltr'>relinquatis.&#39;’</span> 
     </span>
    </p>
   </div>
   <div class='ocr_carea' id='block_1_6' title="bbox 211 3406 1151 3472">
    <p class='ocr_par' dir='ltr' id='par_1_6' title="bbox 211 3406 1151 3472">
     <span class='ocr_line' id='line_1_28' title="bbox 211 3406 1151 3472; baseline 0.009 -17"><span class='ocrx_word' id='word_1_205' title='bbox 211 3465 214 3470; x_wconf 26' lang='grc' dir='ltr'>Ι</span> <span class='ocrx_word' id='word_1_206' title='bbox 330 3406 383 3456; x_wconf 77' lang='lat' dir='ltr'>His</span> <span class='ocrx_word' id='word_1_207' title='bbox 395 3406 476 3458; x_wconf 78' lang='lat' dir='ltr'>docti</span> <span class='ocrx_word' id='word_1_208' title='bbox 488 3407 518 3456; x_wconf 83' lang='lat' dir='ltr'>iu</span> <span class='ocrx_word' id='word_1_209' title='bbox 530 3409 573 3458; x_wconf 78' lang='lat' dir='ltr'>tte</span> <span class='ocrx_word' id='word_1_210' title='bbox 587 3408 667 3460; x_wconf 70' lang='lat' dir='ltr'>baula</span> <span class='ocrx_word' id='word_1_211' title='bbox 679 3411 789 3472; x_wconf 69' lang='lat' dir='ltr'>accinat</span> <span class='ocrx_word' id='word_1_212' title='bbox 800 3409 939 3462; x_wconf 81' lang='lat' dir='ltr'>Antonius</span> <span class='ocrx_word' id='word_1_213' title='bbox 952 3413 1007 3462; x_wconf 80' lang='lat' dir='ltr'>aad</span> <span class='ocrx_word' id='word_1_214' title='bbox 1017 3413 1151 3464; x_wconf 80' lang='lat' dir='ltr'>Petreius.</span> 
     </span>
    </p>
   </div>
   <div class='ocr_carea' id='block_1_7' title="bbox 207 3520 1312 3817">
    <p class='ocr_par' dir='ltr' id='par_1_7' title="bbox 207 3520 1312 3817">
     <span class='ocr_line' id='line_1_29' title="bbox 249 3520 1312 3603; baseline 0.009 -23"><span class='ocrx_word' id='word_1_215' title='bbox 249 3520 338 3581; x_wconf 89' lang='lat' dir='ltr'>Haec</span> <span class='ocrx_word' id='word_1_216' title='bbox 351 3521 407 3582; x_wconf 93' lang='lat' dir='ltr'>ubi</span> <span class='ocrx_word' id='word_1_217' title='bbox 422 3521 514 3599; x_wconf 86' lang='lat' dir='ltr'>dixit,</span> <span class='ocrx_word' id='word_1_218' title='bbox 529 3521 693 3600; x_wconf 88' lang='lat' dir='ltr'>paululum</span> <span class='ocrx_word' id='word_1_219' title='bbox 711 3531 919 3586; x_wconf 87' lang='lat' dir='ltr'>commoratus</span> <span class='ocrx_word' id='word_1_220' title='bbox 940 3527 1030 3603; x_wconf 89' lang='lat' dir='ltr'>signa</span> <span class='ocrx_word' id='word_1_221' title='bbox 1047 3547 1157 3588; x_wconf 89' lang='lat' dir='ltr'>cauere</span> <span class='ocrx_word' id='word_1_222' title='bbox 1178 3528 1265 3592; x_wconf 90' lang='lat' dir='ltr'>iubet</span> <span class='ocrx_word' id='word_1_223' title='bbox 1284 3545 1312 3590; x_wconf 78' lang='lat'>25</span> 
     </span>
     <span class='ocr_line' id='line_1_30' title="bbox 208 3627 1267 3710; baseline 0.006 -22"><span class='ocrx_word' id='word_1_224' title='bbox 208 3631 304 3704; x_wconf 87' lang='lat' dir='ltr'>atquc</span> <span class='ocrx_word' id='word_1_225' title='bbox 326 3627 643 3708; x_wconf 87' lang='lat' dir='ltr'>instructosordines</span> <span class='ocrx_word' id='word_1_226' title='bbox 664 3629 697 3688; x_wconf 88' lang='lat' dir='ltr'>in</span> <span class='ocrx_word' id='word_1_227' title='bbox 719 3629 820 3690; x_wconf 90' lang='lat' dir='ltr'>locum</span> <span class='ocrx_word' id='word_1_228' title='bbox 847 3649 977 3710; x_wconf 88' lang='lat' dir='ltr'>aequom</span> <span class='ocrx_word' id='word_1_229' title='bbox 1003 3633 1138 3694; x_wconf 88' lang='lat' dir='ltr'>deducit.</span> <span class='ocrx_word' id='word_1_230' title='bbox 1181 3635 1267 3695; x_wconf 88' lang='lat' dir='ltr'>Dein</span> 
     </span>
     <span class='ocr_line' id='line_1_31' title="bbox 207 3731 1264 3817; baseline 0.005 -22"><span class='ocrx_word' id='word_1_231' title='bbox 207 3731 338 3795; x_wconf 83' lang='lat' dir='ltr'>remotis</span> <span class='ocrx_word' id='word_1_232' title='bbox 363 3733 502 3792; x_wconf 91' lang='lat' dir='ltr'>omnium</span> <span class='ocrx_word' id='word_1_233' title='bbox 527 3734 627 3810; x_wconf 88' lang='lat' dir='ltr'>cquis,</span> <span class='ocrx_word' id='word_1_234' title='bbox 653 3754 714 3812; x_wconf 91' lang='lat' dir='ltr'>quo</span> <span class='ocrx_word' id='word_1_235' title='bbox 739 3735 894 3797; x_wconf 88' lang='lat' dir='ltr'>militibus</span> <span class='ocrx_word' id='word_1_236' title='bbox 924 3745 1097 3816; x_wconf 87' lang='lat' dir='ltr'>exaequato</span> <span class='ocrx_word' id='word_1_237' title='bbox 1125 3740 1264 3817; x_wconf 87' lang='lat' dir='ltr'>periculo</span> 
     </span>
    </p>
   </div>
   <div class='ocr_carea' id='block_1_8' title="bbox 0 0 1534 4284">
    <p class='ocr_par' dir='ltr' id='par_1_8' title="bbox 0 0 1534 4284">
     <span class='ocr_line' id='line_1_32' title="bbox 0 0 1534 4284; baseline 0 1"><span class='ocrx_word' id='word_1_238' title='bbox 0 0 1534 4284; x_wconf 95' lang='lat' dir='ltr'> </span> 
     </span>
    </p>
   </div>
  </div>
 </body>
</html>
