3038 4278
283 283 329 349 62
605 293 731 350 LATIN
756 293 1006 350 SELECTIONS

283 467 421 527 mianum
451 471 597 540 montem,
613 466 691 526 Cato
718 465 800 526 atria
827 465 889 526 duo
917 465 1077 526 Maenium
1101 472 1134 525 et
1155 467 1276 526 Titium
1303 468 1337 527 in

282 571 455 646 lautumiis,
470 577 503 630 et
517 576 666 648 quattuor
680 571 824 631 tabernas
839 570 874 630 in
888 570 1048 648 publioum
1063 571 1149 646 emit,
1164 571 1338 632 basilicam·

283 697 343 756 que
370 677 415 736 ibi
444 676 529 750 feoit,
558 695 638 754 quae
666 676 779 736 Porcia
805 676 966 754 appellata
999 681 1055 737 est.
1098 677 1141 736 Et
1168 677 1338 753 vectigalia

283 782 413 844 summis
447 782 567 861 pretiis,
596 782 680 841 ultro
714 782 835 842 tributa
868 781 985 843 infimis
1020 781 1210 842 locaverunt.
1252 783 1337 854 Quas

248 887 452 949 olooationes
474 906 545 947 oum
567 893 694 948 senatus
715 887 860 965 preeibus
881 893 913 946 et
934 887 1073 947 lacrimis
1098 887 1337 964 publicanorum

283 985 384 1046 vietus
406 984 512 1045 induoi
534 991 566 1044 et
587 985 625 1044 de
646 983 770 1061 integro
784 983 880 1044 looari
897 983 1051 1058 iussisset,
1066 1002 1218 1058 censores,
1234 984 1338 1044 edicto

283 1090 447 1150 summotis
469 1091 508 1150 ab
529 1090 622 1150 hasta
640 1089 695 1166 qui
717 1088 871 1149 ludificati
884 1088 1020 1166 priorem
1036 1087 1223 1149 locationem
1237 1094 1337 1164 erent,

283 1195 388 1254 omnia
402 1195 511 1254 eadem
526 1194 655 1272 paulum
670 1194 847 1254 imminutis
861 1193 973 1271 pretiis
986 1193 1177 1252 locaverunt.
1210 1193 1337 1254 Nobilis

283 1318 414 1360 sensura
435 1299 499 1358 fuit
522 1299 793 1376 simultatiumque
815 1297 917 1375 plena,
939 1315 1019 1376 quae
1044 1299 1088 1356 M.
1111 1297 1267 1373 Poroium,
1286 1296 1338 1358 oui

235 1421 264 1467 10
282 1396 487 1464 aoerbites'ea
501 1403 734 1480 adsignabatur,
750 1421 942 1481 peromnem
960 1402 1056 1462 vitam
1072 1407 1286 1463 exerouerunt.

347 1615 401 1666 Ibe
413 1616 504 1666 Bottle
516 1617 549 1678 os
556 1616 670 1678 Pruna„
700 1614 804 1675 (lullus,
819 1630 836 1666 o
848 1616 969 1676 military
983 1615 1098 1675 tribune,
1107 1615 1227 1676 preutrn
1239 1628 1277 1665 on

662 1708 756 1768 antipae
767 1707 801 1768 os
808 1707 850 1757 tte
862 1720 950 1756 moon.

322 1838 410 1898 Anni
432 1844 504 1916 post
528 1839 751 1898 eiroumaotum
776 1837 948 1897 solstitium
976 1842 1053 1912 erat,
1081 1837 1158 1897 hora
1181 1835 1247 1896 diei
1274 1835 1337 1896 iam

283 1944 324 2004 ad
349 1944 511 2002 meridiem
537 1942 694 2018 vergebat,
716 1943 777 2002 iter
803 1941 904 2001 multo
924 1941 1054 2020 pulvere
1077 1946 1109 2002 et
1129 1941 1338 2002 incalescente

284 2049 349 2110 sole
376 2049 497 2108 factum
525 2053 600 2108 erat.
643 2047 813 2107 Lassitudo
841 2052 873 2106 et
894 2047 964 2108 sitis
993 2047 1054 2107 iam
1081 2047 1283 2122 sentiebatur,
1306 2053 1338 2107 et

284 2145 457 2206 meridiano
486 2151 576 2205 aestu
602 2143 701 2219 magis
726 2163 923 2204 accessurum
955 2149 1124 2220 utrumque
1152 2162 1222 2202 mox
1246 2162 1340 2221 appa

236 2262 264 2308 15
284 2252 380 2311 rebat.
425 2250 544 2310 Statuit
565 2249 610 2308 sio
625 2249 765 2308 adfectos
782 2248 899 2308 retenti
919 2253 1013 2326 atque
1033 2247 1157 2324 integro
1171 2248 1254 2308 hosti
1273 2268 1338 2308 non

284 2356 422 2416 obioere:
446 2356 502 2416 sed
522 2360 630 2414 tantus
653 2353 744 2413 ardor
765 2353 799 2412 in
814 2353 929 2412 animis
948 2354 989 2413 ad
1004 2353 1217 2412 dimicandum
1231 2353 1340 2412 utrim-

284 2481 344 2539 que
356 2466 432 2536 erat,
445 2466 480 2520 ut
494 2460 615 2520 consuli
629 2479 692 2519 non
706 2459 826 2518 minore
840 2463 907 2518 arte
919 2457 959 2518 ad
974 2477 1046 2518 suos
1058 2457 1229 2518 eludendos
1244 2477 1337 2535 quam

284 2567 323 2626 ad
340 2566 448 2626 hostes
466 2584 544 2643 opus
562 2570 653 2625 esset.
696 2564 844 2623 Nondum
861 2563 1005 2624 omnibns
1019 2563 1184 2623 instructis
1199 2562 1340 2623 instabat

284 2671 419 2731 tribunis
441 2669 588 2744 militum,
603 2677 639 2729 ut
659 2675 853 2728 maturarent
874 2669 1038 2742 instruere,
1060 2667 1244 2728 oireumibat
1270 2667 1340 2746 ipse

236 2789 266 2833 ao
284 2777 419 2852 ordines,
441 2775 561 2835 animos
588 2774 726 2834 militum
749 2774 905 2834 hortando
926 2774 959 2832 in
982 2792 1120 2851 pugnam
1141 2774 1338 2833 aneendebet.

285 2881 334 2942 Ibi
345 2881 447 2960 primo
456 2881 574 2940 alaores
584 2880 708 2956 siguum
719 2880 905 2957 poscebant3
926 2878 1049 2954 deinde,
1060 2884 1212 2954 quantum
1228 2877 1341 2938 ineres-

284 2992 368 3048 ceret
389 2993 504 3060 aestus,
526 2992 559 3044 et
580 2985 687 3045 vultus
710 2984 815 3044 minus
837 2984 979 3060 vigentes
1008 2989 1040 3042 et
1064 3001 1155 3043 voees
1181 2982 1339 3060 segniores

284 3098 381 3167 erant,
397 3098 430 3151 et
451 3090 577 3168 quidem
600 3091 815 3150 incumbentes
837 3089 934 3149 scutis
955 3088 1085 3166 nixique
1106 3088 1181 3166 pilis
1204 3088 1338 3148 stabant.

285 3199 362 3257 Tum
393 3198 453 3257 iam
490 3202 596 3275 aperte
631 3195 743 3273 primis
778 3194 940 3254 ordinibus
975 3194 1118 3272 imperet,
1147 3199 1340 3254 meterentur

235 3312 264 3356 25
283 3304 420 3362 frontem
448 3309 620 3362 uestrorum
649 3307 680 3360 et
708 3300 934 3378 impedimenta
961 3299 1195 3359 constituerent.
1251 3299 1340 3368 Quod

283 3409 338 3468 ubi
352 3407 421 3467 fieri
436 3408 552 3468 milites
568 3425 701 3482 sensere,
717 3406 772 3466 alii
785 3406 919 3482 gaudere
934 3405 1048 3482 palam,
1060 3405 1143 3481 quod
1157 3402 1339 3464 fessosviae

283 3513 388 3573 labore
409 3512 653 3588 flagrantissimo
675 3518 764 3572 aestu
784 3531 847 3571 non
870 3511 1023 3586 coegisset
1037 3527 1185 3588 pugnare.
1229 3509 1340 3583 Legati

282 3619 366 3680 eirea
392 3618 610 3696 imperatorem
640 3617 796 3694 duoesqne
825 3615 948 3676 externi
976 3622 1074 3690 erant,
1097 3615 1180 3674 inter
1202 3633 1279 3692 quos
1308 3618 1341 3673 et

283 3724 421 3798 Attalus,
451 3743 557 3784 omnes
586 3723 805 3800 approbantes,
833 3739 905 3781 oum
940 3725 1150 3798 pugnaturum
1180 3717 1339 3779 consulem
