3058 4284
277 317 343 384 102
597 331 722 387 turm
747 332 996 390 snuncrrons

544 582 634 633 Cato'a
646 585 737 646 speech
750 586 917 648 counaellr‘np
929 588 1047 648 severity.

316 719 334 752 “
344 715 580 792 Saepenumero,
614 721 719 794 patres
752 716 930 796 conscripti,
959 717 1059 778 multa
1085 719 1181 778 verba
1209 719 1243 778 in
1270 719 1328 780 hoa

275 820 383 880 ordine
397 819 469 895 feei,
481 838 573 898 saepe
584 820 623 879 de
634 820 761 882 luxuria
774 829 868 899 atque
879 821 1014 882 avaritia
1023 828 1202 886 nostrorum
1211 823 1328 884 oivium

275 931 405 1003 questus
426 944 505 1000 sum,
520 926 697 1003 multosque
719 927 860 987 mortalis
875 945 912 986 ea
926 945 1020 988 eausa
1040 927 1188 989 advorsos
1210 928 1325 1004 habeo,

275 1031 328 1108 qui
342 1031 423 1090 mihi
444 1037 538 1109 atque
558 1030 664 1090 animo
678 1050 746 1091 meo
760 1031 879 1092 nullius
894 1051 1044 1111 umquam
1065 1031 1174 1094 delicti
1195 1034 1328 1109 gratiam

241 1150 256 1194 s
275 1135 429 1211 fecissem,
444 1136 528 1197 haud
550 1136 644 1196 facile
666 1137 796 1197 alterius
810 1136 947 1198 lubidini
968 1138 1049 1198 male
1071 1138 1157 1198 faeta
1176 1139 1329 1199 condona·

274 1242 354 1302 bam.
397 1241 459 1301 Sed
470 1259 507 1301 ea
515 1241 641 1301 tametsi
653 1261 709 1302 vos
720 1242 810 1320 parvi
821 1242 1016 1320 pendebatis,
1024 1248 1132 1304 tamen
1142 1261 1191 1304 res
1203 1243 1329 1322 publiea

274 1346 365 1407 firma
387 1353 467 1423 erat;
492 1346 654 1424 opulentia
677 1346 908 1423 neglegentiam
932 1348 1095 1410 tolerabat.
1140 1349 1234 1409 Nune
1256 1367 1329 1408 vero

274 1471 336 1511 non
361 1452 395 1512 id
418 1452 532 1528 egitur,
557 1452 688 1512 bonisne
713 1471 753 1512 an
778 1453 870 1513 malis
892 1453 1031 1513 moribus
1051 1453 1205 1529 vivamus,
1226 1472 1328 1531 neque

274 1563 426 1635 quantum
441 1563 496 1618 aut
506 1576 600 1635 quam
615 1556 815 1632 magnifieum
830 1558 996 1636 imperium
1009 1557 1117 1637 populi
1128 1558 1264 1619 Romani
1276 1559 1327 1635 sit,

226 1675 255 1722 10
274 1663 328 1723 sed
337 1663 423 1737 haee,
433 1662 656 1739 cuiuscumque
666 1662 752 1721 modi
762 1663 919 1738 videntur,
929 1669 1037 1724 nostra
1046 1654 1088 1724 an
1096 1664 1257 1724 nobiseum
1267 1683 1330 1724 una

273 1768 413 1828 hostium
433 1769 542 1828 futura
563 1767 636 1828 sint
682 1768 744 1826 Hie
767 1768 845 1827 mihi
866 1767 1033 1845 quisquam
1056 1769 1329 1830 mansuetudinem

273 1879 305 1933 et
319 1873 564 1934 misericordiam
577 1873 742 1933 nominat?
784 1874 851 1933 Iam
874 1873 996 1950 pridem
1018 1874 1164 1951 equidem
1184 1893 1241 1935 nos
1257 1893 1330 1934 vera

274 1974 428 2038 voeabula‘
434 1996 537 2038 rerum
549 1978 724 2053 amisimus;
736 1977 812 2054 quia
820 1978 901 2038 bona
913 1977 1016 2038 aliena
1026 1978 1134 2054 largiri
1145 1978 1327 2054 liberalitas,

274 2083 426 2144 malarum
441 2101 544 2143 rerum
559 2083 689 2143 audacia
710 2082 865 2142 fortitudo
879 2089 1017 2158 vocatur,
1033 2101 1069 2142 eo
1083 2102 1133 2143 res
1154 2083 1281 2161 publiea
1295 2084 1328 2143 in

226 2194 414 2248 1textremo
435 2188 497 2249 sita
511 2193 567 2248 est.
610 2188 683 2248 Sint
704 2188 949 2266 sane,qu0nia1n
971 2188 1018 2248 ita
1031 2207 1064 2249 se
1079 2207 1180 2249 mores
1202 2188 1327 2264 habent,

274 2293 418 2354 liberales
439 2312 479 2352 ex
500 2293 652 2353 seniorum
675 2293 822 2368 fortunis,
839 2293 903 2354 sint
926 2293 1142 2353 misericordes
1156 2293 1190 2352 in
1204 2285 1340 2354 furibus

274 2399 390 2474 aerari,
412 2417 451 2457 ne
466 2397 515 2456 illi
530 2398 714 2474 sanguinem
728 2403 870 2458 nostrum
886 2397 1060 2473 largiantur
1074 2404 1115 2472 et,
1130 2399 1204 2458 dum
1219 2397 1328 2476 paneis

274 2503 434 2564 sceleratis
448 2509 589 2581 pareunt,
605 2503 702 2562 bonos
716 2502 818 2562 omnis
833 2500 990 2580 perditum
1005 2508 1086 2562 eant.

314 2609 426 2668 “Bene
440 2613 472 2668 et
486 2607 657 2685 composite
671 2609 704 2668 G.
721 2608 835 2669 Caesar
848 2607 944 2686 paulo
957 2614 1031 2667 ante
1045 2607 1077 2666 in
1092 2607 1152 2668 hoo
1166 2608 1276 2668 ordine
1290 2609 1329 2668 de

225 2725 255 2771 ao
275 2713 339 2774 vita
360 2719 392 2773 et
412 2719 511 2774 morte
533 2711 691 2788 disseruit,
706 2713 798 2773 oredo
819 2711 902 2772 falsa
923 2713 1117 2773 existumans
1139 2731 1176 2772 ea
1196 2714 1329 2791 quaeda

274 2818 385 2878 inferis
399 2822 620 2894 memorantur,
632 2817 757 2877 divorso
769 2817 881 2877 itinere
894 2817 993 2877 malos
1008 2836 1026 2877 a
1041 2817 1130 2878 bonis
1144 2817 1214 2878 looa
1227 2824 1330 2878 taetra

274 2923 402 2998 inculta,
428 2923 637 3000 foedantque
666 2922 874 2982 formidulosa
901 2921 1023 2982 habere.
1066 2923 1179 3000 Itaque
1206 2923 1329 2984 censuit

273 3029 421 3107 pecunias
436 3047 541 3088 eorum
554 3028 770 3105 publicandas,
782 3027 867 3106 ipsos
881 3046 937 3105 per
951 3028 1123 3106 municipia
1133 3027 1167 3087 in
1176 3028 1328 3090 custodiis

273 3134 442 3208 habendos,
457 3134 604 3194 videlieet
625 3133 749 3207 timens,
771 3152 819 3208 ne,
842 3132 869 3192 si
890 3134 1009 3193 Romae
1031 3133 1104 3209 sint,
1120 3140 1174 3194 aut
1195 3153 1215 3195 a
1234 3153 1330 3213 popu·

226 3249 255 3294 as
274 3238 393 3299 laribus
418 3238 643 3298 coniurationis
665 3243 720 3298 aut
744 3256 763 3298 a
786 3236 991 3297 multitudine
1012 3237 1167 3298 eonducta
1186 3257 1242 3317 per
1262 3239 1327 3298 vim

274 3345 456 3423 eripiantur.
500 3345 596 3415 Quasi
613 3362 686 3403 vero
700 3343 776 3402 mali
794 3349 889 3420 atque
910 3341 1034 3403 scelesti
1049 3349 1173 3403 tantum
1188 3343 1330 3404 modain

274 3450 349 3510 urbe
364 3457 396 3510 et
410 3470 472 3510 non
494 3470 550 3528 per
563 3457 662 3509 totam
678 3448 806 3509 ltaliam
821 3448 894 3523 sint,
910 3455 964 3508 aut
984 3467 1048 3508 non
1069 3449 1114 3510 ibi
1134 3449 1206 3528 plus
1227 3449 1330 3528 possit

274 3556 412 3631 audacia,
434 3556 488 3616 ubi
510 3557 549 3616 ad
571 3555 808 3616 defendundum
830 3573 904 3634 opes
933 3555 1069 3616 minores
1098 3561 1183 3616 sunt.
1227 3554 1329 3626 Quare

273 3680 389 3729 vanum
417 3661 561 3739 equidem
591 3661 649 3721 hoo
674 3661 840 3721 eonsilium
866 3666 923 3735 est,
949 3660 976 3720 si
1001 3659 1174 3737 perieulum
1199 3679 1239 3721 ex
1263 3661 1329 3722 illis

226 3777 256 3822 eo
273 3766 404 3843 metuit3
428 3767 456 3826 si
470 3767 504 3826 in
518 3772 608 3827 tanto
622 3765 759 3826 omnium
776 3772 862 3825 metu
884 3765 968 3826 solus
983 3784 1045 3824 non
1060 3765 1161 3840 timet,
1177 3783 1213 3825 eo
1228 3766 1329 3842 magis
