3058 4284
266 312 331 379 116
592 321 717 377 LATIN
742 321 992 378 SELEC'I'IONS

780 550 798 612 7
910 567 914 575 .

296 714 368 776 Sor·
386 712 533 774 I'larariis
547 713 637 774 IIII
648 713 701 773 Id.
720 711 815 790 Apu,
830 715 873 773 ui
890 713 1041 784 ridetur,
1055 731 1086 774 a.
1102 707 1176 776 696
1192 714 1280 780 (58).

641 859 737 914 cicero
755 858 854 914 Attico
873 857 933 913 Sal.

306 997 454 1059 Terentia
475 995 534 1057 tibi
555 1002 587 1056 et
609 1014 701 1073 saepe
722 1002 754 1056 et
774 994 927 1056 maximas
949 995 1015 1072 agit
1037 995 1164 1073 gratias.
1207 997 1247 1056 Id
1270 1003 1318 1058 est

265 1103 345 1163 mihi
359 1102 582 1178 gratissimum.
624 1103 692 1178 Ego
713 1101 787 1160 rivo
801 1101 994 1161 miserrimus
1009 1109 1042 1161 et
1056 1102 1194 1162 maximo
1212 1103 1317 1162 dolore

265 1207 419 1268 conficior.
463 1207 515 1266 Ad
528 1213 560 1266 te
575 1206 651 1285 quid
667 1206 800 1266 scribam
814 1207 927 1268 nescio,
972 1205 1006 1266 Si
1028 1207 1111 1275 enirn
1135 1226 1168 1268 as
1190 1209 1317 1283 Romae,

266 1313 328 1374 iam
349 1333 398 1373 me
413 1313 543 1391 adsequi
559 1333 619 1373 non
634 1320 739 1393 poies3
762 1315 812 1374 sin
826 1334 860 1374 as
881 1314 915 1373 in
936 1313 998 1390 via,
1019 1333 1089 1374 cum
1113 1313 1175 1373 eris
1196 1330 1247 1372 me
1268 1313 1318 1373 ad-

232 1436 247 1483 5
266 1424 400 1494 secutus,
415 1439 519 1480 coram
533 1438 661 1496 agemus
676 1438 755 1498 quae
770 1425 862 1480 arunt
881 1419 1010 1496 agenda.
1053 1421 1189 1480 Tantum
1211 1424 1243 1478 te
1265 1437 1319 1478 oro

265 1529 310 1599 ut,
328 1525 476 1602 quoniam
495 1544 545 1584 me
566 1525 669 1602 ipsum
691 1544 813 1604 semper
834 1526 956 1601 amasti,
979 1545 1061 1585 nunc
1082 1526 1190 1586 eodem
1214 1541 1318 1584 amore

266 1628 327 1705 sis3
350 1629 506 1705 egoenim
523 1628 605 1688 idam
629 1649 706 1690 sum.
751 1630 878 1690 Inimici
899 1629 962 1690 mai
982 1649 1052 1692 mea
1072 1629 1161 1706 mihi,
1184 1648 1246 1688 non
1269 1646 1318 1687 me

266 1733 370 1811 ipsum
384 1735 577 1794 ademerunt.
620 1735 703 1796 Cura
716 1740 752 1794 ut
771 1735 888 1797 valeas.
929 1737 1013 1796 Data
1034 1753 1091 1794 1111
1113 1734 1191 1794 idus
1213 1733 1315 1811 April.

266 1838 373 1898 Thuri.

784 2049 803 2112 8

408 2211 479 2273 Ser.
498 2211 676 2272 Brundisi
691 2232 742 2290 pr.
762 2212 806 2272 K.
825 2211 915 2272 Mar.
936 2231 968 2272 a·
989 2209 1063 2273 696
1083 2210 1172 2276 (58).

360 2357 476 2413 Tullius
495 2357 525 2412 S.
546 2357 581 2412 D.
601 2357 754 2414 Terentiae
772 2363 802 2413 et
820 2357 933 2413 Tulliae
951 2363 981 2413 et
998 2357 1125 2413 Ciceroni
1143 2356 1214 2412 suis.

218 2515 247 2559 10
306 2496 374 2570 Ego
381 2495 485 2555 minus
496 2514 587 2573 saepe
598 2495 638 2555 do
649 2496 689 2554 ad
700 2514 753 2555 vos
767 2495 890 2556 litteras
900 2514 995 2571 quam
1007 2514 1143 2574 possum,
1154 2501 1319 2573 propterea

266 2599 433 2677 quodcum
450 2601 555 2659 omnia
569 2599 648 2659 mihi
662 2606 804 2678 tempora
825 2606 899 2660 sunt
920 2601 1043 2675 misera,
1065 2605 1134 2659 tum
1150 2618 1233 2674 vero,
1248 2617 1319 2658 cum

266 2710 321 2764 aut
335 2705 436 2765 scribo
450 2705 490 2764 ad
511 2724 566 2764 vos
581 2711 636 2765 aul
658 2710 777 2766 vestras
799 2705 877 2782 lego,
893 2705 1040 2766 conficior
1060 2704 1201 2765 lacrimis
1222 2705 1269 2764 sie
1283 2710 1320 2764 ut

266 2811 348 2870 ferra
363 2829 425 2869 non
439 2810 565 2888 possim.
608 2810 695 2880 Quod
716 2810 838 2871 utinam
860 2811 965 2870 minus
986 2809 1071 2870 vitae
1086 2809 1192 2888 cupidi
1210 2809 1320 2870 fuisse-

266 2917 354 2975 mus!
376 2915 555 2975 certenihil
570 2921 700 2975 autnon
724 2916 857 2975 multum
880 2915 914 2975 in
935 2915 1001 2975 vita
1022 2914 1098 2975 mali
1120 2914 1318 2975 vidissemus,

218 3037 246 3082 15
266 3020 385 3090 Quodsi
399 3040 456 3081 nos
470 3021 511 3080 ad
525 3021 664 3098 aliquam
683 3020 815 3082 alicuius
834 3021 989 3081 commodi
1006 3019 1176 3098 aliquando
1196 3037 1321 3098 recupa-

266 3125 357 3186 randi
372 3145 457 3204 spem
474 3126 602 3185 fortuna
621 3126 802 3202 reservavit,
823 3125 927 3186 minus
946 3132 995 3186 est
1014 3116 1150 3185 erratum
1172 3143 1190 3185 a
1209 3124 1319 3200 nobis3

267 3232 294 3292 si
308 3232 384 3291 haec
398 3231 482 3291 mala
495 3231 559 3291 fixa
573 3237 655 3306 sunt,
671 3250 727 3308 ego
742 3249 815 3291 vero
837 3236 868 3292 te
882 3251 976 3308 quam
999 3231 1145 3309 primum,
1160 3249 1229 3290 mes
1244 3230 1320 3307 vita,

266 3337 359 3414 cupio
375 3337 482 3396 videre
497 3342 529 3396 et
544 3337 575 3395 in
594 3343 648 3396 tuo
666 3337 831 3415 complexu
852 3337 959 3411 emori,
981 3336 1129 3414 quoniam
1150 3355 1252 3414 nequa
1274 3336 1321 3395 dii

266 3461 344 3520 quos
359 3443 583 3504 incestissima
599 3442 724 3504 coluisti
734 3462 833 3520 neque
844 3442 986 3502 homines
998 3443 1111 3519 quibus
1125 3461 1183 3518 ego
1198 3435 1321 3520 semper

217 3562 247 3608 20
266 3547 382 3609 servivi
397 3548 487 3609 nobis
502 3549 634 3624 gratiam
650 3549 847 3608 rettulerunt.

306 3655 372 3714 Nos
388 3654 536 3716 Brundisi
552 3654 634 3731 apud
644 3655 686 3714 M.
705 3653 853 3714 Laenium
869 3653 1016 3714 Flaccum
1026 3653 1094 3713 dies
1108 3672 1175 3712 x111
1190 3653 1319 3727 fuimus,

265 3759 369 3819 virum
391 3759 554 3838 optimum,
577 3759 631 3838 qui
660 3759 832 3837 periculum
862 3760 1058 3820 fortunarum
1081 3763 1112 3818 ct
1133 3757 1248 3836 capitis
1270 3757 1320 3818 sui
