3038 4278
474 314 604 370 LIVY'S
628 313 778 370 ROMAN
803 312 983 368 HISTORY
1202 299 1247 367 25

196 484 264 554 Qua
277 485 315 544 de
329 503 424 545 eausa
437 489 558 546 creatus
573 485 609 543 L.
628 484 777 560 Manlius,
793 483 922 562 perinde
936 501 972 544 ac
986 483 1032 543 rei
1045 482 1198 559 gerendae
1212 501 1248 542 ae

195 608 258 649 non
275 589 443 650 solvendae
460 589 621 666 religionis
639 589 740 664 gratia
756 595 879 650 oreatus
894 593 986 663 esset,
1001 587 1118 647 bellum
1136 587 1249 648 Herni-

77 699 81 707 '
196 714 267 755 cum
295 695 459 756 adfectans
491 695 610 755 dilectu
639 696 749 755 acerbo
782 694 980 754 iuventutem
1011 693 1161 771 agitavit3
1183 699 1249 753 tan-

197 801 330 878 demque
349 801 492 861 omnibus
510 801 545 860 in
562 819 634 860 eum
651 801 788 861 tribunis
805 799 908 879 plebis
927 799 1051 874 coortis,
1070 817 1125 860 seu
1142 798 1173 857 vi
1194 817 1249 858 seu

196 906 385 968 verecundia
399 905 512 982 victus,
526 906 684 967 dictatura
698 906 787 966 abiit.
1268 909 1283 954 ὕ

541 1092 595 1142 lte
607 1093 699 1143 cluam
709 1094 739 1142 in
752 1093 794 1143 tte
807 1093 917 1142 Forum.

236 1207 356 1267 Eodem
381 1226 472 1283 anuo,
499 1225 554 1268 seu
578 1212 666 1267 motu
693 1212 795 1266 terrae
823 1225 878 1267 seu
902 1224 966 1284 qua
988 1207 1021 1266 ri
1049 1205 1119 1282 alia,
1145 1207 1247 1266 forum

196 1311 336 1371 medium
360 1312 459 1372 ferme
485 1331 580 1390 specu
603 1317 692 1372 vasto
717 1311 900 1389 conlapsum
923 1312 958 1370 in
982 1311 1156 1372 inmensam
1180 1310 1250 1370 alti-

196 1416 340 1476 tudinem
371 1417 505 1492 dicitur3
527 1435 628 1494 neque
655 1435 726 1476 eam
755 1417 936 1492 voraginem
966 1416 1109 1476 coniectu
1138 1423 1248 1491 terrae,

195 1540 267 1580 cum
292 1540 349 1599 pro
377 1540 410 1582 se
435 1522 568 1599 quisque
591 1528 721 1598 gereret,
747 1520 867 1600 expleri
891 1521 1041 1600 potuisse,
1066 1520 1248 1598 priusquam

197 1627 291 1686 deum
312 1627 434 1687 monitu
455 1626 562 1704 quaeri
583 1632 738 1704 coeptum,
760 1646 822 1704 quo
842 1626 1013 1704 plurimum
1033 1625 1169 1703 populus
1190 1625 1298 1684 Ito-10

197 1750 308 1791 manus
327 1737 450 1810 posset:
473 1732 508 1791 id
526 1732 611 1792 enim
632 1732 681 1791 illi
701 1732 768 1792 loeo
787 1732 955 1792 dicandum
977 1737 1066 1792 vates
1086 1731 1249 1807 canebant,

197 1837 224 1897 si
244 1855 310 1895 rem
330 1836 487 1914 publicam
508 1837 683 1898 Romanam
701 1843 885 1916 perpetuam
908 1855 976 1896 esse
999 1835 1125 1896 vellent.
1168 1837 1249 1895 Tum

197 1942 241 2001 Μ.
271 1941 424 2016 Curtium,
453 1941 595 2001 iuvenem
628 1941 712 2002 bello
742 1941 909 2019 egregium,
941 1941 1112 2017 castigasse
1142 1941 1250 2002 ferunt

197 2037 388 2122 dubitantes,
411 2065 451 2106 au
471 2045 572 2106 ullum
594 2047 694 2123 magis
715 2047 892 2108 Romanum
912 2047 1029 2108 bonum
1048 2065 1141 2124 quam
1163 2066 1251 2108 arma

196 2151 361 2229 virtusque
371 2157 464 2226 esset,
476 2161 503 2211 et
516 2151 643 2212 silentio
655 2153 741 2213 facto
749 2153 873 2230 'templa
883 2152 1011 2212 deorum
1026 2151 1249 2228 inmortalium,
1269 2171 1297 2216 15

197 2273 278 2333 quae
306 2256 375 2316 foro
403 2256 568 2332 inminent,
597 2257 850 2335 Capitoliumque
877 2257 1051 2317 intuentem
1079 2263 1112 2316 et
1138 2276 1250 2317 manus

197 2379 280 2420 nunc
305 2361 340 2420 iu
364 2361 494 2436 caelum,
519 2380 603 2421 nunc
627 2362 662 2420 in
686 2369 831 2440 patentes
854 2369 956 2422 terrae
981 2362 1088 2423 hiatus
1112 2366 1154 2422 ad
1176 2363 1250 2423 deos

198 2484 306 2525 manes
334 2466 545 2543 porrigentem
577 2485 611 2527 se
638 2467 820 2543 devovisse3
843 2486 984 2545 equoque
1012 2468 1125 2527 deinde
1156 2487 1250 2545 quam

198 2577 321 2649 poterat
335 2571 471 2632 maxime
485 2578 636 2633 exornato
650 2573 840 2633 insidentem
853 2579 1007 2634 armatum
1023 2592 1056 2634 se
1073 2573 1107 2632 in
1123 2591 1250 2651 specum

197 2675 367 2752 inmisisse,
399 2676 542 2754 donaque
571 2696 607 2737 ae
637 2678 745 2754 fruges
778 2698 870 2757 super
900 2698 969 2739 eum
999 2697 1018 2739 a
1044 2678 1250 2739 multitudine
1269 2693 1298 2738 20

199 2781 336 2840 virorum
357 2799 393 2840 ac
410 2781 577 2841 mulierum
595 2789 767 2860 congestas,
785 2784 950 2861 lacumque
968 2784 1111 2847 Curtium
1131 2803 1194 2844 non
1211 2784 1251 2844 ab

198 2886 329 2963 antiquo
348 2884 404 2945 illo
419 2887 453 2946 Τ.
471 2887 542 2948 Tati
560 2887 662 2947 milite
678 2889 788 2949 Curtio
807 2890 930 2964 Mettio,
946 2890 1002 2950 sed
1019 2889 1131 2949 abhoc
1147 2889 1251 2967 appel·

198 2991 307 3050 latum.
351 2990 434 3050 Oura
450 3010 514 3051 nou
524 2987 655 3068 deesset,
672 2993 700 3053 si
715 2986 777 3071 qua
787 2989 832 3053 ‘ad
847 3014 957 3054 verum
973 2995 1026 3054 via
1039 2995 1250 3073 inquirentem

197 3095 314 3170 ferret3
335 3114 420 3155 nunc
438 3097 525 3156 fama
541 3116 645 3157 rerum
666 3099 812 3159 standum
833 3105 890 3176 est,
909 3100 964 3161 ubi
983 3106 1099 3161 certam
1122 3100 1250 3176 derogat

198 3205 339 3260 vetustas
351 3200 463 3276 fidem3
485 3208 517 3262 et
532 3202 618 3264 lacus
633 3223 745 3264 nomen
760 3205 799 3265 ab
810 3205 869 3266 hac
883 3205 1053 3266 recentiore
1066 3205 1250 3282 insignitius
1270 3219 1299 3264 aa

197 3304 307 3366 fabula
321 3311 377 3366 est.

525 3418 666 3471 Abolition
678 3421 711 3484 os
719 3423 761 3472 tte
776 3422 938 3472 “Nexum’'

237 3532 285 3591 Eo
309 3551 393 3592 anno
415 3532 519 3611 plebei
543 3536 702 3596 Romanae
725 3537 813 3597 velut
835 3537 921 3598 aliud
942 3538 1069 3598 initium
1094 3539 1250 3600 libertatis

197 3637 398 3714 factumest,
422 3640 506 3715 quod
527 3642 612 3701 necti
634 3643 809 3718 desierunt;
832 3650 988 3704 mutatum
1012 3650 1115 3705 autem
1140 3645 1190 3704 ius
1211 3645 1251 3705 ob

196 3742 291 3804 unius
313 3743 519 3806 faeneratoris
544 3746 639 3807 simul
660 3745 826 3808 libidinem
852 3748 946 3808 simul
968 3749 1185 3810 crudelitatem
1207 3751 1251 3808 in-
