<?xml version="1.0" encoding="UTF-8"?>
<!DOCTYPE html PUBLIC "-//W3C//DTD XHTML 1.0 Transitional//EN"
    "http://www.w3.org/TR/xhtml1/DTD/xhtml1-transitional.dtd">
<html xmlns="http://www.w3.org/1999/xhtml" xml:lang="en" lang="en">
 <head>
  <title>
</title>
<meta http-equiv="Content-Type" content="text/html;charset=utf-8" />
  <meta name='ocr-system' content='tesseract 3.04.00' />
  <meta name='ocr-capabilities' content='ocr_page ocr_carea ocr_par ocr_line ocrx_word'/>
</head>
<body>
  <div class='ocr_page' id='page_1' title='image "./selectionsfromr00miergoog_0052.png"; bbox 0 0 3038 4278; ppageno 0'>
   <div class='ocr_carea' id='block_1_1' title="bbox 471 285 1252 358">
    <p class='ocr_par' dir='ltr' id='par_1_1' title="bbox 471 285 1252 358">
     <span class='ocr_line' id='line_1_1' title="bbox 471 285 1252 358; baseline -0.003 -1"><span class='ocrx_word' id='word_1_1' title='bbox 471 302 600 358; x_wconf 73' lang='lat' dir='ltr'>arvus</span> <span class='ocrx_word' id='word_1_2' title='bbox 625 300 774 357; x_wconf 72' lang='lat' dir='ltr'>nonan</span> <span class='ocrx_word' id='word_1_3' title='bbox 799 300 980 356; x_wconf 81' lang='lat' dir='ltr'>ursronr</span> <span class='ocrx_word' id='word_1_4' title='bbox 1207 285 1252 356; x_wconf 88' lang='grc'>37</span> 
     </span>
    </p>
   </div>
   <div class='ocr_carea' id='block_1_2' title="bbox 188 471 1298 3806">
    <p class='ocr_par' dir='ltr' id='par_1_2' title="bbox 188 471 1298 3806">
     <span class='ocr_line' id='line_1_2' title="bbox 193 471 1252 550; baseline 0 -18"><span class='ocrx_word' id='word_1_5' title='bbox 193 474 285 533; x_wconf 85' lang='lat' dir='ltr'><strong>Inter</strong></span> <span class='ocrx_word' id='word_1_6' title='bbox 306 473 382 533; x_wconf 87' lang='lat' dir='ltr'>haec</span> <span class='ocrx_word' id='word_1_7' title='bbox 407 471 584 550; x_wconf 87' lang='lat' dir='ltr'>repleverat</span> <span class='ocrx_word' id='word_1_8' title='bbox 611 472 674 532; x_wconf 89' lang='lat' dir='ltr'>iam</span> <span class='ocrx_word' id='word_1_9' title='bbox 702 472 826 533; x_wconf 92' lang='lat' dir='ltr'>Poenus</span> <span class='ocrx_word' id='word_1_10' title='bbox 851 472 981 533; x_wconf 89' lang='lat' dir='ltr'>armatis</span> <span class='ocrx_word' id='word_1_11' title='bbox 1006 491 1121 548; x_wconf 89' lang='lat' dir='ltr'>muros,</span> <span class='ocrx_word' id='word_1_12' title='bbox 1147 477 1179 532; x_wconf 91' lang='lat' dir='ltr'>et</span> <span class='ocrx_word' id='word_1_13' title='bbox 1202 472 1252 532; x_wconf 83' lang='lat' dir='ltr'>vis</span> 
     </span>
     <span class='ocr_line' id='line_1_3' title="bbox 195 577 1251 656; baseline -0.002 -18"><span class='ocrx_word' id='word_1_14' title='bbox 195 597 307 656; x_wconf 89' lang='lat' dir='ltr'>magna</span> <span class='ocrx_word' id='word_1_15' title='bbox 322 597 361 638; x_wconf 85' lang='lat' dir='ltr'>ex</span> <span class='ocrx_word' id='word_1_16' title='bbox 373 578 494 654; x_wconf 81' lang='lat' dir='ltr'>ingenti</span> <span class='ocrx_word' id='word_1_17' title='bbox 506 578 597 656; x_wconf 90' lang='lat' dir='ltr'>copia</span> <span class='ocrx_word' id='word_1_18' title='bbox 607 584 755 654; x_wconf 89' lang='lat' dir='ltr'>congesta</span> <span class='ocrx_word' id='word_1_19' title='bbox 768 577 902 638; x_wconf 84' lang='lat' dir='ltr'>telorum</span> <span class='ocrx_word' id='word_1_20' title='bbox 915 578 1145 656; x_wconf 90' lang='lat' dir='ltr'>suppeditabat.</span> <span class='ocrx_word' id='word_1_21' title='bbox 1190 578 1251 637; x_wconf 86' lang='lat' dir='ltr'>Sed</span> 
     </span>
     <span class='ocr_line' id='line_1_4' title="bbox 193 683 1252 762; baseline -0.001 -20"><span class='ocrx_word' id='word_1_22' title='bbox 193 702 296 762; x_wconf 87' lang='lat' dir='ltr'>neque</span> <span class='ocrx_word' id='word_1_23' title='bbox 315 684 376 742; x_wconf 91' lang='lat' dir='ltr'>viri</span> <span class='ocrx_word' id='word_1_24' title='bbox 394 702 451 743; x_wconf 90' lang='lat' dir='ltr'>nec</span> <span class='ocrx_word' id='word_1_25' title='bbox 468 683 534 744; x_wconf 90' lang='lat' dir='ltr'>tela</span> <span class='ocrx_word' id='word_1_26' title='bbox 549 683 788 761; x_wconf 90' lang='lat' dir='ltr'>necquicquam</span> <span class='ocrx_word' id='word_1_27' title='bbox 805 684 892 743; x_wconf 90' lang='lat' dir='ltr'>aliud</span> <span class='ocrx_word' id='word_1_28' title='bbox 907 701 1005 761; x_wconf 91' lang='lat' dir='ltr'>aeque</span> <span class='ocrx_word' id='word_1_29' title='bbox 1020 703 1112 760; x_wconf 90' lang='lat' dir='ltr'>quam</span> <span class='ocrx_word' id='word_1_30' title='bbox 1129 683 1252 742; x_wconf 88' lang='lat' dir='ltr'>moenia</span> 
     </span>
     <span class='ocr_line' id='line_1_5' title="bbox 193 787 1250 867; baseline 0 -19"><span class='ocrx_word' id='word_1_31' title='bbox 193 789 264 867; x_wconf 88' lang='lat' dir='ltr'>ipsa</span> <span class='ocrx_word' id='word_1_32' title='bbox 279 807 347 850; x_wconf 86' lang='lat' dir='ltr'>sese</span> <span class='ocrx_word' id='word_1_33' title='bbox 362 789 582 849; x_wconf 80' lang='lat' dir='ltr'>defendebant.</span> <span class='ocrx_word' id='word_1_34' title='bbox 626 789 728 848; x_wconf 80' lang='lat' dir='ltr'>Ranae</span> <span class='ocrx_word' id='word_1_35' title='bbox 740 788 822 848; x_wconf 89' lang='lat' dir='ltr'>enim</span> <span class='ocrx_word' id='word_1_36' title='bbox 833 788 935 849; x_wconf 89' lang='lat' dir='ltr'>scalae</span> <span class='ocrx_word' id='word_1_37' title='bbox 947 787 1111 849; x_wconf 78' lang='lat' dir='ltr'>altitudini</span> <span class='ocrx_word' id='word_1_38' title='bbox 1122 787 1250 865; x_wconf 86' lang='lat' dir='ltr'>aequari</span> 
     </span>
     <span class='ocr_line' id='line_1_6' title="bbox 193 893 1284 972; baseline -0.005 -18"><span class='ocrx_word' id='word_1_39' title='bbox 193 900 348 972; x_wconf 91' lang='lat' dir='ltr'>poterant,</span> <span class='ocrx_word' id='word_1_40' title='bbox 377 899 409 954; x_wconf 89' lang='lat' dir='ltr'>et</span> <span class='ocrx_word' id='word_1_41' title='bbox 436 913 499 972; x_wconf 91' lang='lat' dir='ltr'>quc</span> <span class='ocrx_word' id='word_1_42' title='bbox 526 911 667 972; x_wconf 89' lang='lat' dir='ltr'>quaeque</span> <span class='ocrx_word' id='word_1_43' title='bbox 698 894 836 968; x_wconf 84' lang='lat' dir='ltr'>altiores,</span> <span class='ocrx_word' id='word_1_44' title='bbox 865 913 902 954; x_wconf 92' lang='lat' dir='ltr'>eo</span> <span class='ocrx_word' id='word_1_45' title='bbox 932 893 1119 953; x_wconf 89' lang='lat' dir='ltr'>infirmiores</span> <span class='ocrx_word' id='word_1_46' title='bbox 1151 899 1284 954; x_wconf 80' lang='lat' dir='ltr'>erantc</span> 
     </span>
     <span class='ocr_line' id='line_1_7' title="bbox 193 999 1251 1077; baseline -0.001 -18"><span class='ocrx_word' id='word_1_47' title='bbox 193 1001 306 1077; x_wconf 90' lang='lat' dir='ltr'>Itaque</span> <span class='ocrx_word' id='word_1_48' title='bbox 328 1019 399 1059; x_wconf 83' lang='lat' dir='ltr'>cunr</span> <span class='ocrx_word' id='word_1_49' title='bbox 421 1018 562 1060; x_wconf 89' lang='lat' dir='ltr'>summus</span> <span class='ocrx_word' id='word_1_50' title='bbox 583 1000 717 1077; x_wconf 90' lang='lat' dir='ltr'>quisque</span> <span class='ocrx_word' id='word_1_51' title='bbox 739 1000 871 1060; x_wconf 85' lang='lat' dir='ltr'>evadere</span> <span class='ocrx_word' id='word_1_52' title='bbox 890 1019 952 1059; x_wconf 93' lang='lat' dir='ltr'>non</span> <span class='ocrx_word' id='word_1_53' title='bbox 974 1005 1089 1077; x_wconf 88' lang='lat' dir='ltr'>posset,</span> <span class='ocrx_word' id='word_1_54' title='bbox 1110 999 1251 1059; x_wconf 89' lang='lat' dir='ltr'>subirent</span> 
     </span>
     <span class='ocr_line' id='line_1_8' title="bbox 192 1104 1249 1182; baseline 0 -18"><span class='ocrx_word' id='word_1_55' title='bbox 192 1110 300 1164; x_wconf 89' lang='lat' dir='ltr'>tamen</span> <span class='ocrx_word' id='word_1_56' title='bbox 328 1105 392 1180; x_wconf 88' lang='lat' dir='ltr'>alii,</span> <span class='ocrx_word' id='word_1_57' title='bbox 422 1123 515 1164; x_wconf 91' lang='lat' dir='ltr'>onere</span> <span class='ocrx_word' id='word_1_58' title='bbox 543 1105 612 1182; x_wconf 90' lang='lat' dir='ltr'>ipso</span> <span class='ocrx_word' id='word_1_59' title='bbox 640 1106 877 1182; x_wconf 82' lang='lat' dir='ltr'>frangebantur.</span> <span class='ocrx_word' id='word_1_60' title='bbox 928 1105 1064 1175; x_wconf 79' lang='lat' dir='ltr'>Quidam</span> <span class='ocrx_word' id='word_1_61' title='bbox 1093 1104 1249 1165; x_wconf 87' lang='lat' dir='ltr'>stantibus</span> 
     </span>
     <span class='ocr_line' id='line_1_9' title="bbox 192 1208 1249 1286; baseline -0.001 -17"><span class='ocrx_word' id='word_1_62' title='bbox 192 1208 297 1285; x_wconf 88' lang='lat' dir='ltr'>scalis,</span> <span class='ocrx_word' id='word_1_63' title='bbox 315 1228 386 1269; x_wconf 92' lang='lat' dir='ltr'>cum</span> <span class='ocrx_word' id='word_1_64' title='bbox 408 1209 545 1270; x_wconf 88' lang='lat' dir='ltr'>altitudo</span> <span class='ocrx_word' id='word_1_65' title='bbox 565 1209 731 1286; x_wconf 87' lang='lat' dir='ltr'>caliginem</span> <span class='ocrx_word' id='word_1_66' title='bbox 755 1210 854 1270; x_wconf 90' lang='lat' dir='ltr'>oculis</span> <span class='ocrx_word' id='word_1_67' title='bbox 876 1210 1049 1284; x_wconf 84' lang='lat' dir='ltr'>offudisset,</span> <span class='ocrx_word' id='word_1_68' title='bbox 1072 1210 1109 1270; x_wconf 91' lang='lat' dir='ltr'>ad</span> <span class='ocrx_word' id='word_1_69' title='bbox 1132 1216 1249 1270; x_wconf 85' lang='lat' dir='ltr'>terram</span> 
     </span>
     <span class='ocr_line' id='line_1_10' title="bbox 192 1313 1250 1392; baseline 0.001 -20"><span class='ocrx_word' id='word_1_70' title='bbox 192 1313 292 1374; x_wconf 89' lang='lat' dir='ltr'>delati</span> <span class='ocrx_word' id='word_1_71' title='bbox 314 1321 395 1374; x_wconf 89' lang='lat' dir='ltr'>sunt.</span> <span class='ocrx_word' id='word_1_72' title='bbox 438 1315 481 1373; x_wconf 89' lang='lat' dir='ltr'>Et</span> <span class='ocrx_word' id='word_1_73' title='bbox 501 1332 572 1374; x_wconf 90' lang='lat' dir='ltr'>cum</span> <span class='ocrx_word' id='word_1_74' title='bbox 590 1315 707 1392; x_wconf 91' lang='lat' dir='ltr'>passim</span> <span class='ocrx_word' id='word_1_75' title='bbox 727 1314 870 1375; x_wconf 89' lang='lat' dir='ltr'>homines</span> <span class='ocrx_word' id='word_1_76' title='bbox 891 1315 1054 1392; x_wconf 79' lang='lat' dir='ltr'>scalaeque</span> <span class='ocrx_word' id='word_1_77' title='bbox 1073 1320 1199 1374; x_wconf 85' lang='lat' dir='ltr'>ruerent</span> <span class='ocrx_word' id='word_1_78' title='bbox 1218 1319 1250 1373; x_wconf 90' lang='lat' dir='ltr'>et</span> 
     </span>
     <span class='ocr_line' id='line_1_11' title="bbox 192 1418 1298 1496; baseline 0.003 -18"><span class='ocrx_word' id='word_1_79' title='bbox 192 1419 263 1496; x_wconf 88' lang='lat' dir='ltr'>ipso</span> <span class='ocrx_word' id='word_1_80' title='bbox 291 1437 436 1480; x_wconf 88' lang='lat' dir='ltr'>successu</span> <span class='ocrx_word' id='word_1_81' title='bbox 463 1418 595 1479; x_wconf 88' lang='lat' dir='ltr'>audacia</span> <span class='ocrx_word' id='word_1_82' title='bbox 622 1424 716 1496; x_wconf 89' lang='lat' dir='ltr'>atque</span> <span class='ocrx_word' id='word_1_83' title='bbox 745 1420 892 1480; x_wconf 81' lang='lat' dir='ltr'>alacritas</span> <span class='ocrx_word' id='word_1_84' title='bbox 921 1419 1060 1480; x_wconf 88' lang='lat' dir='ltr'>hostium</span> <span class='ocrx_word' id='word_1_85' title='bbox 1087 1425 1249 1493; x_wconf 72' lang='lat' dir='ltr'>aresceret,</span> <span class='ocrx_word' id='word_1_86' title='bbox 1269 1436 1298 1481; x_wconf 89' lang='lat'>10</span> 
     </span>
     <span class='ocr_line' id='line_1_12' title="bbox 192 1524 1249 1602; baseline -0.002 -18"><span class='ocrx_word' id='word_1_87' title='bbox 192 1524 319 1600; x_wconf 88' lang='lat' dir='ltr'>signum</span> <span class='ocrx_word' id='word_1_88' title='bbox 334 1524 474 1602; x_wconf 87' lang='lat' dir='ltr'>receptui</span> <span class='ocrx_word' id='word_1_89' title='bbox 488 1525 598 1584; x_wconf 88' lang='lat' dir='ltr'>datum</span> <span class='ocrx_word' id='word_1_90' title='bbox 613 1530 669 1598; x_wconf 89' lang='lat' dir='ltr'>est,</span> <span class='ocrx_word' id='word_1_91' title='bbox 685 1525 769 1602; x_wconf 88' lang='lat' dir='ltr'>quod</span> <span class='ocrx_word' id='word_1_92' title='bbox 785 1543 871 1602; x_wconf 86' lang='lat' dir='ltr'>sporn</span> <span class='ocrx_word' id='word_1_93' title='bbox 887 1543 950 1584; x_wconf 92' lang='lat' dir='ltr'>non</span> <span class='ocrx_word' id='word_1_94' title='bbox 965 1525 1139 1602; x_wconf 89' lang='lat' dir='ltr'>praesentis</span> <span class='ocrx_word' id='word_1_95' title='bbox 1157 1524 1249 1583; x_wconf 88' lang='lat' dir='ltr'>modo</span> 
     </span>
     <span class='ocr_line' id='line_1_13' title="bbox 191 1628 1249 1706; baseline -0.001 -17"><span class='ocrx_word' id='word_1_96' title='bbox 191 1629 232 1688; x_wconf 92' lang='lat' dir='ltr'>ab</span> <span class='ocrx_word' id='word_1_97' title='bbox 246 1633 337 1689; x_wconf 90' lang='lat' dir='ltr'>tanto</span> <span class='ocrx_word' id='word_1_98' title='bbox 350 1628 521 1689; x_wconf 87' lang='lat' dir='ltr'>certamine</span> <span class='ocrx_word' id='word_1_99' title='bbox 541 1647 577 1688; x_wconf 88' lang='lat' dir='ltr'>ac</span> <span class='ocrx_word' id='word_1_100' title='bbox 595 1628 700 1688; x_wconf 88' lang='lat' dir='ltr'>labore</span> <span class='ocrx_word' id='word_1_101' title='bbox 722 1629 839 1706; x_wconf 90' lang='lat' dir='ltr'>qnietis</span> <span class='ocrx_word' id='word_1_102' title='bbox 860 1629 1005 1704; x_wconf 81' lang='lat' dir='ltr'>obsessis,</span> <span class='ocrx_word' id='word_1_103' title='bbox 1021 1630 1076 1690; x_wconf 91' lang='lat' dir='ltr'>sed</span> <span class='ocrx_word' id='word_1_104' title='bbox 1098 1629 1193 1689; x_wconf 91' lang='lat' dir='ltr'>etiam</span> <span class='ocrx_word' id='word_1_105' title='bbox 1215 1629 1249 1688; x_wconf 93' lang='lat' dir='ltr'>in</span> 
     </span>
     <span class='ocr_line' id='line_1_14' title="bbox 191 1733 1249 1812; baseline 0.001 -19"><span class='ocrx_word' id='word_1_106' title='bbox 191 1739 353 1812; x_wconf 90' lang='lat' dir='ltr'>posterum</span> <span class='ocrx_word' id='word_1_107' title='bbox 368 1734 465 1810; x_wconf 89' lang='lat' dir='ltr'>dedit,</span> <span class='ocrx_word' id='word_1_108' title='bbox 479 1733 572 1794; x_wconf 88' lang='lat' dir='ltr'>scalis</span> <span class='ocrx_word' id='word_1_109' title='bbox 587 1739 618 1794; x_wconf 91' lang='lat' dir='ltr'>et</span> <span class='ocrx_word' id='word_1_110' title='bbox 632 1752 746 1794; x_wconf 89' lang='lat' dir='ltr'>corona</span> <span class='ocrx_word' id='word_1_111' title='bbox 760 1734 829 1812; x_wconf 92' lang='lat' dir='ltr'>capi</span> <span class='ocrx_word' id='word_1_112' title='bbox 844 1734 953 1794; x_wconf 86' lang='lat' dir='ltr'>urbem</span> <span class='ocrx_word' id='word_1_113' title='bbox 964 1753 1026 1794; x_wconf 91' lang='lat' dir='ltr'>non</span> <span class='ocrx_word' id='word_1_114' title='bbox 1041 1753 1142 1812; x_wconf 89' lang='lat' dir='ltr'>posse,</span> <span class='ocrx_word' id='word_1_115' title='bbox 1154 1752 1249 1812; x_wconf 87' lang='lat' dir='ltr'>opera</span> 
     </span>
     <span class='ocr_line' id='line_1_15' title="bbox 191 1838 1249 1917; baseline 0 -19"><span class='ocrx_word' id='word_1_116' title='bbox 191 1846 224 1899; x_wconf 87' lang='lat' dir='ltr'>et</span> <span class='ocrx_word' id='word_1_117' title='bbox 245 1838 388 1898; x_wconf 89' lang='lat' dir='ltr'>difficilia</span> <span class='ocrx_word' id='word_1_118' title='bbox 408 1857 476 1898; x_wconf 91' lang='lat' dir='ltr'>esse</span> <span class='ocrx_word' id='word_1_119' title='bbox 495 1844 530 1898; x_wconf 87' lang='lat' dir='ltr'>et</span> <span class='ocrx_word' id='word_1_120' title='bbox 550 1844 675 1916; x_wconf 91' lang='lat' dir='ltr'>tempus</span> <span class='ocrx_word' id='word_1_121' title='bbox 697 1839 810 1898; x_wconf 89' lang='lat' dir='ltr'>datura</span> <span class='ocrx_word' id='word_1_122' title='bbox 833 1840 874 1899; x_wconf 87' lang='lat' dir='ltr'>ad</span> <span class='ocrx_word' id='word_1_123' title='bbox 896 1838 1059 1899; x_wconf 81' lang='lat' dir='ltr'>ferendam</span> <span class='ocrx_word' id='word_1_124' title='bbox 1081 1857 1171 1917; x_wconf 93' lang='lat' dir='ltr'>opem</span> <span class='ocrx_word' id='word_1_125' title='bbox 1193 1839 1249 1898; x_wconf 88' lang='lat' dir='ltr'>im·</span> 
     </span>
     <span class='ocr_line' id='line_1_16' title="bbox 191 1943 1297 2021; baseline -0.001 -18"><span class='ocrx_word' id='word_1_126' title='bbox 191 1943 390 2021; x_wconf 88' lang='lat' dir='ltr'>peratoribus</span> <span class='ocrx_word' id='word_1_127' title='bbox 406 1944 479 2004; x_wconf 88' lang='lat' dir='ltr'>suis.</span> <span class='ocrx_word' id='word_1_128' title='bbox 1268 1958 1297 2003; x_wconf 77' lang='lat'>1⁶</span> 
     </span>
     <span class='ocr_line' id='line_1_17' title="bbox 232 2047 1247 2127; baseline 0 -17"><span class='ocrx_word' id='word_1_129' title='bbox 232 2048 296 2110; x_wconf 87' lang='lat' dir='ltr'>Vix</span> <span class='ocrx_word' id='word_1_130' title='bbox 320 2047 407 2126; x_wconf 90' lang='lat' dir='ltr'>prior</span> <span class='ocrx_word' id='word_1_131' title='bbox 429 2049 586 2109; x_wconf 90' lang='lat' dir='ltr'>turnultus</span> <span class='ocrx_word' id='word_1_132' title='bbox 611 2049 812 2124; x_wconf 87' lang='lat' dir='ltr'>conticuerat,</span> <span class='ocrx_word' id='word_1_133' title='bbox 835 2068 905 2108; x_wconf 91' lang='lat' dir='ltr'>curn</span> <span class='ocrx_word' id='word_1_134' title='bbox 928 2050 1033 2127; x_wconf 86' lang='lat' dir='ltr'>Scipio</span> <span class='ocrx_word' id='word_1_135' title='bbox 1054 2050 1094 2110; x_wconf 94' lang='lat' dir='ltr'>ab</span> <span class='ocrx_word' id='word_1_136' title='bbox 1115 2049 1247 2110; x_wconf 88' lang='lat' dir='ltr'>defessis</span> 
     </span>
     <span class='ocr_line' id='line_1_18' title="bbox 190 2152 1247 2232; baseline 0.002 -20"><span class='ocrx_word' id='word_1_137' title='bbox 190 2153 253 2212; x_wconf 89' lang='lat' dir='ltr'>iam</span> <span class='ocrx_word' id='word_1_138' title='bbox 268 2152 506 2230; x_wconf 88' lang='lat' dir='ltr'>vulneratisque</span> <span class='ocrx_word' id='word_1_139' title='bbox 521 2153 656 2214; x_wconf 89' lang='lat' dir='ltr'>recentis</span> <span class='ocrx_word' id='word_1_140' title='bbox 671 2153 872 2232; x_wconf 87' lang='lat' dir='ltr'>integrosque</span> <span class='ocrx_word' id='word_1_141' title='bbox 889 2154 969 2214; x_wconf 91' lang='lat' dir='ltr'>alios</span> <span class='ocrx_word' id='word_1_142' title='bbox 987 2154 1127 2232; x_wconf 89' lang='lat' dir='ltr'>accipere</span> <span class='ocrx_word' id='word_1_143' title='bbox 1147 2153 1247 2214; x_wconf 92' lang='lat' dir='ltr'>scalas</span> 
     </span>
     <span class='ocr_line' id='line_1_19' title="bbox 190 2258 1248 2337; baseline 0.002 -21"><span class='ocrx_word' id='word_1_144' title='bbox 190 2258 279 2318; x_wconf 90' lang='lat' dir='ltr'>iubet</span> <span class='ocrx_word' id='word_1_145' title='bbox 300 2266 327 2318; x_wconf 84' lang='lat' dir='ltr'>et</span> <span class='ocrx_word' id='word_1_146' title='bbox 347 2259 380 2317; x_wconf 85' lang='lat' dir='ltr'>vi</span> <span class='ocrx_word' id='word_1_147' title='bbox 403 2258 518 2318; x_wconf 87' lang='lat' dir='ltr'>maiore</span> <span class='ocrx_word' id='word_1_148' title='bbox 539 2258 669 2334; x_wconf 85' lang='lat' dir='ltr'>adgredi</span> <span class='ocrx_word' id='word_1_149' title='bbox 693 2259 811 2319; x_wconf 88' lang='lat' dir='ltr'>urbem.</span> <span class='ocrx_word' id='word_1_150' title='bbox 854 2260 938 2337; x_wconf 89' lang='lat' dir='ltr'>Ipse,</span> <span class='ocrx_word' id='word_1_151' title='bbox 959 2266 996 2319; x_wconf 91' lang='lat' dir='ltr'>ut</span> <span class='ocrx_word' id='word_1_152' title='bbox 1017 2259 1045 2319; x_wconf 88' lang='lat' dir='ltr'>ei</span> <span class='ocrx_word' id='word_1_153' title='bbox 1066 2260 1248 2318; x_wconf 88' lang='lat' dir='ltr'>nuntiatum</span> 
     </span>
     <span class='ocr_line' id='line_1_20' title="bbox 191 2362 1247 2441; baseline 0.002 -19"><span class='ocrx_word' id='word_1_154' title='bbox 191 2367 241 2422; x_wconf 89' lang='lat' dir='ltr'>est</span> <span class='ocrx_word' id='word_1_155' title='bbox 268 2367 389 2422; x_wconf 91' lang='lat' dir='ltr'>aestum</span> <span class='ocrx_word' id='word_1_156' title='bbox 418 2362 576 2439; x_wconf 81' lang='lat' dir='ltr'>decedere,</span> <span class='ocrx_word' id='word_1_157' title='bbox 605 2364 689 2440; x_wconf 91' lang='lat' dir='ltr'>quod</span> <span class='ocrx_word' id='word_1_158' title='bbox 717 2383 772 2441; x_wconf 91' lang='lat' dir='ltr'>per</span> <span class='ocrx_word' id='word_1_159' title='bbox 800 2365 971 2441; x_wconf 79' lang='lat' dir='ltr'>piscatores</span> <span class='ocrx_word' id='word_1_160' title='bbox 1000 2366 1247 2424; x_wconf 78' lang='lat' dir='ltr'>Tarraconenses</span> 
     </span>
     <span class='ocr_line' id='line_1_21' title="bbox 191 2467 1297 2547; baseline 0 -21"><span class='ocrx_word' id='word_1_161' title='bbox 191 2485 274 2527; x_wconf 91' lang='lat' dir='ltr'>nunc</span> <span class='ocrx_word' id='word_1_162' title='bbox 285 2467 409 2528; x_wconf 86' lang='lat' dir='ltr'>levibus</span> <span class='ocrx_word' id='word_1_163' title='bbox 424 2468 555 2543; x_wconf 87' lang='lat' dir='ltr'>cumbis,</span> <span class='ocrx_word' id='word_1_164' title='bbox 567 2487 650 2528; x_wconf 90' lang='lat' dir='ltr'>nunc</span> <span class='ocrx_word' id='word_1_165' title='bbox 664 2468 719 2530; x_wconf 93' lang='lat' dir='ltr'>ubi</span> <span class='ocrx_word' id='word_1_166' title='bbox 733 2487 787 2528; x_wconf 87' lang='lat' dir='ltr'>eae</span> <span class='ocrx_word' id='word_1_167' title='bbox 803 2469 943 2529; x_wconf 88' lang='lat' dir='ltr'>siderent</span> <span class='ocrx_word' id='word_1_168' title='bbox 957 2470 1046 2530; x_wconf 85' lang='lat' dir='ltr'>vadis</span> <span class='ocrx_word' id='word_1_169' title='bbox 1061 2475 1247 2547; x_wconf 87' lang='lat' dir='ltr'>pervagatos</span> <span class='ocrx_word' id='word_1_170' title='bbox 1266 2481 1297 2526; x_wconf 85' lang='lat'>20</span> 
     </span>
     <span class='ocr_line' id='line_1_22' title="bbox 192 2574 1245 2653; baseline 0.002 -21"><span class='ocrx_word' id='word_1_171' title='bbox 192 2577 339 2648; x_wconf 90' lang='lat' dir='ltr'>stagnum</span> <span class='ocrx_word' id='word_1_172' title='bbox 364 2579 548 2651; x_wconf 87' lang='lat' dir='ltr'>conpertum</span> <span class='ocrx_word' id='word_1_173' title='bbox 577 2574 721 2648; x_wconf 87' lang='lat' dir='ltr'>habebat,</span> <span class='ocrx_word' id='word_1_174' title='bbox 748 2574 873 2634; x_wconf 87' lang='lat' dir='ltr'>facilem</span> <span class='ocrx_word' id='word_1_175' title='bbox 899 2575 1031 2653; x_wconf 89' lang='lat' dir='ltr'>pedibus</span> <span class='ocrx_word' id='word_1_176' title='bbox 1056 2575 1095 2634; x_wconf 91' lang='lat' dir='ltr'>ad</span> <span class='ocrx_word' id='word_1_177' title='bbox 1121 2594 1245 2634; x_wconf 89' lang='lat' dir='ltr'>murum</span> 
     </span>
     <span class='ocr_line' id='line_1_23' title="bbox 191 2677 1246 2758; baseline 0.003 -22"><span class='ocrx_word' id='word_1_178' title='bbox 191 2677 362 2738; x_wconf 87' lang='lat' dir='ltr'>transitum</span> <span class='ocrx_word' id='word_1_179' title='bbox 376 2677 454 2754; x_wconf 87' lang='lat' dir='ltr'>dari,</span> <span class='ocrx_word' id='word_1_180' title='bbox 467 2697 503 2738; x_wconf 89' lang='lat' dir='ltr'>eo</span> <span class='ocrx_word' id='word_1_181' title='bbox 518 2697 623 2738; x_wconf 89' lang='lat' dir='ltr'>secum</span> <span class='ocrx_word' id='word_1_182' title='bbox 637 2684 773 2739; x_wconf 88' lang='lat' dir='ltr'>armatos</span> <span class='ocrx_word' id='word_1_183' title='bbox 785 2683 961 2758; x_wconf 73' lang='lat' dir='ltr'>quingentos</span> <span class='ocrx_word' id='word_1_184' title='bbox 971 2679 1070 2739; x_wconf 86' lang='lat' dir='ltr'>duxit.</span> <span class='ocrx_word' id='word_1_185' title='bbox 1103 2679 1246 2740; x_wconf 89' lang='lat' dir='ltr'>Medium</span> 
     </span>
     <span class='ocr_line' id='line_1_24' title="bbox 191 2782 1245 2862; baseline 0.004 -22"><span class='ocrx_word' id='word_1_186' title='bbox 191 2782 291 2842; x_wconf 88' lang='lat' dir='ltr'>ferme</span> <span class='ocrx_word' id='word_1_187' title='bbox 311 2782 374 2843; x_wconf 89' lang='lat' dir='ltr'>diei</span> <span class='ocrx_word' id='word_1_188' title='bbox 397 2789 472 2858; x_wconf 88' lang='lat' dir='ltr'>erat,</span> <span class='ocrx_word' id='word_1_189' title='bbox 488 2789 520 2843; x_wconf 88' lang='lat' dir='ltr'>et</span> <span class='ocrx_word' id='word_1_190' title='bbox 542 2784 582 2844; x_wconf 87' lang='lat' dir='ltr'>ad</span> <span class='ocrx_word' id='word_1_191' title='bbox 602 2783 637 2842; x_wconf 91' lang='lat' dir='ltr'>id</span> <span class='ocrx_word' id='word_1_192' title='bbox 658 2785 741 2860; x_wconf 93' lang='lat' dir='ltr'>quod</span> <span class='ocrx_word' id='word_1_193' title='bbox 762 2803 818 2845; x_wconf 89' lang='lat' dir='ltr'>sua</span> <span class='ocrx_word' id='word_1_194' title='bbox 837 2790 948 2862; x_wconf 91' lang='lat' dir='ltr'>sponte</span> <span class='ocrx_word' id='word_1_195' title='bbox 967 2786 1096 2845; x_wconf 87' lang='lat' dir='ltr'>cedente</span> <span class='ocrx_word' id='word_1_196' title='bbox 1112 2785 1147 2844; x_wconf 88' lang='lat' dir='ltr'>in</span> <span class='ocrx_word' id='word_1_197' title='bbox 1161 2803 1245 2844; x_wconf 89' lang='lat' dir='ltr'>mare</span> 
     </span>
     <span class='ocr_line' id='line_1_25' title="bbox 192 2887 1246 2968; baseline 0.004 -22"><span class='ocrx_word' id='word_1_198' title='bbox 192 2893 279 2947; x_wconf 87' lang='lat' dir='ltr'>aestu</span> <span class='ocrx_word' id='word_1_199' title='bbox 302 2887 486 2948; x_wconf 90' lang='lat' dir='ltr'>trahebatur</span> <span class='ocrx_word' id='word_1_200' title='bbox 507 2907 596 2966; x_wconf 88' lang='lat' dir='ltr'>aqua,</span> <span class='ocrx_word' id='word_1_201' title='bbox 613 2907 683 2949; x_wconf 87' lang='lat' dir='ltr'>acer</span> <span class='ocrx_word' id='word_1_202' title='bbox 702 2890 797 2949; x_wconf 88' lang='lat' dir='ltr'>etiam</span> <span class='ocrx_word' id='word_1_203' title='bbox 816 2890 999 2968; x_wconf 87' lang='lat' dir='ltr'>septemtrio</span> <span class='ocrx_word' id='word_1_204' title='bbox 1016 2897 1103 2951; x_wconf 87' lang='lat' dir='ltr'>crtus</span> <span class='ocrx_word' id='word_1_205' title='bbox 1118 2890 1246 2950; x_wconf 78' lang='lat' dir='ltr'>inclina</span> 
     </span>
     <span class='ocr_line' id='line_1_26' title="bbox 191 2994 1295 3072; baseline 0.001 -20"><span class='ocrx_word' id='word_1_206' title='bbox 191 2999 259 3052; x_wconf 91' lang='lat' dir='ltr'>tum</span> <span class='ocrx_word' id='word_1_207' title='bbox 281 2997 428 3069; x_wconf 88' lang='lat' dir='ltr'>stagnum</span> <span class='ocrx_word' id='word_1_208' title='bbox 449 2994 559 3053; x_wconf 89' lang='lat' dir='ltr'>eodem</span> <span class='ocrx_word' id='word_1_209' title='bbox 580 3012 641 3072; x_wconf 92' lang='lat' dir='ltr'>quo</span> <span class='ocrx_word' id='word_1_210' title='bbox 662 3001 768 3055; x_wconf 81' lang='lat' dir='ltr'>aestus</span> <span class='ocrx_word' id='word_1_211' title='bbox 789 2995 911 3055; x_wconf 85' lang='lat' dir='ltr'>ferebat</span> <span class='ocrx_word' id='word_1_212' title='bbox 930 3002 961 3056; x_wconf 87' lang='lat' dir='ltr'>et</span> <span class='ocrx_word' id='word_1_213' title='bbox 978 2996 1055 3056; x_wconf 89' lang='lat' dir='ltr'>adeo</span> <span class='ocrx_word' id='word_1_214' title='bbox 1072 2997 1246 3056; x_wconf 86' lang='lat' dir='ltr'>nudaverat</span> <span class='ocrx_word' id='word_1_215' title='bbox 1265 3007 1295 3053; x_wconf 80' lang='lat' dir='ltr'>ac</span> 
     </span>
     <span class='ocr_line' id='line_1_27' title="bbox 191 3097 1246 3178; baseline 0.005 -22"><span class='ocrx_word' id='word_1_216' title='bbox 191 3097 281 3174; x_wconf 84' lang='lat' dir='ltr'>vada,</span> <span class='ocrx_word' id='word_1_217' title='bbox 302 3103 339 3156; x_wconf 88' lang='lat' dir='ltr'>ut</span> <span class='ocrx_word' id='word_1_218' title='bbox 363 3097 440 3158; x_wconf 91' lang='lat' dir='ltr'>alibi</span> <span class='ocrx_word' id='word_1_219' title='bbox 464 3098 614 3160; x_wconf 91' lang='lat' dir='ltr'>umbilico</span> <span class='ocrx_word' id='word_1_220' title='bbox 637 3105 731 3161; x_wconf 87' lang='lat' dir='ltr'>tenus</span> <span class='ocrx_word' id='word_1_221' title='bbox 756 3119 838 3178; x_wconf 89' lang='lat' dir='ltr'>aqua</span> <span class='ocrx_word' id='word_1_222' title='bbox 858 3106 950 3177; x_wconf 85' lang='lat' dir='ltr'>esset,</span> <span class='ocrx_word' id='word_1_223' title='bbox 972 3100 1047 3161; x_wconf 87' lang='lat' dir='ltr'>alibi</span> <span class='ocrx_word' id='word_1_224' title='bbox 1069 3119 1170 3177; x_wconf 90' lang='lat' dir='ltr'>genua</span> <span class='ocrx_word' id='word_1_225' title='bbox 1193 3101 1246 3161; x_wconf 89' lang='lat' dir='ltr'>vix</span> 
     </span>
     <span class='ocr_line' id='line_1_28' title="bbox 191 3204 1246 3284; baseline 0.006 -22"><span class='ocrx_word' id='word_1_226' title='bbox 191 3208 361 3281; x_wconf 89' lang='lat' dir='ltr'>superaret.</span> <span class='ocrx_word' id='word_1_227' title='bbox 405 3204 475 3263; x_wconf 92' lang='lat' dir='ltr'>Hoc</span> <span class='ocrx_word' id='word_1_228' title='bbox 490 3223 564 3264; x_wconf 89' lang='lat' dir='ltr'>cura</span> <span class='ocrx_word' id='word_1_229' title='bbox 578 3223 614 3264; x_wconf 91' lang='lat' dir='ltr'>ac</span> <span class='ocrx_word' id='word_1_230' title='bbox 629 3205 749 3266; x_wconf 88' lang='lat' dir='ltr'>ratione</span> <span class='ocrx_word' id='word_1_231' title='bbox 764 3212 956 3284; x_wconf 90' lang='lat' dir='ltr'>compertum</span> <span class='ocrx_word' id='word_1_232' title='bbox 971 3205 1005 3265; x_wconf 90' lang='lat' dir='ltr'>in</span> <span class='ocrx_word' id='word_1_233' title='bbox 1016 3206 1194 3284; x_wconf 88' lang='lat' dir='ltr'>prodigium</span> <span class='ocrx_word' id='word_1_234' title='bbox 1210 3225 1246 3268; x_wconf 89' lang='lat' dir='ltr'>ac</span> 
     </span>
     <span class='ocr_line' id='line_1_29' title="bbox 190 3308 1247 3387; baseline 0.005 -20"><span class='ocrx_word' id='word_1_235' title='bbox 190 3308 265 3368; x_wconf 88' lang='lat' dir='ltr'>deos</span> <span class='ocrx_word' id='word_1_236' title='bbox 286 3314 413 3368; x_wconf 87' lang='lat' dir='ltr'>vertens</span> <span class='ocrx_word' id='word_1_237' title='bbox 437 3309 550 3387; x_wconf 80' lang='lat' dir='ltr'>Scipi0,</span> <span class='ocrx_word' id='word_1_238' title='bbox 572 3309 626 3387; x_wconf 89' lang='lat' dir='ltr'>qui</span> <span class='ocrx_word' id='word_1_239' title='bbox 647 3311 688 3370; x_wconf 92' lang='lat' dir='ltr'>ad</span> <span class='ocrx_word' id='word_1_240' title='bbox 708 3311 877 3372; x_wconf 86' lang='lat' dir='ltr'>transitum</span> <span class='ocrx_word' id='word_1_241' title='bbox 903 3312 1054 3372; x_wconf 82' lang='lat' dir='ltr'>Romanis</span> <span class='ocrx_word' id='word_1_242' title='bbox 1076 3331 1160 3372; x_wconf 90' lang='lat' dir='ltr'>mare</span> <span class='ocrx_word' id='word_1_243' title='bbox 1181 3331 1247 3372; x_wconf 83' lang='lat' dir='ltr'>ver-</span> 
     </span>
     <span class='ocr_line' id='line_1_30' title="bbox 189 3415 1245 3495; baseline 0.006 -23"><span class='ocrx_word' id='word_1_244' title='bbox 189 3417 294 3472; x_wconf 86' lang='lat' dir='ltr'>terent</span> <span class='ocrx_word' id='word_1_245' title='bbox 322 3419 354 3472; x_wconf 88' lang='lat' dir='ltr'>et</span> <span class='ocrx_word' id='word_1_246' title='bbox 379 3419 491 3490; x_wconf 82' lang='lat' dir='ltr'>stagna</span> <span class='ocrx_word' id='word_1_247' title='bbox 515 3415 676 3475; x_wconf 87' lang='lat' dir='ltr'>auferrent</span> <span class='ocrx_word' id='word_1_248' title='bbox 701 3417 830 3495; x_wconf 88' lang='lat' dir='ltr'>viasque</span> <span class='ocrx_word' id='word_1_249' title='bbox 855 3422 928 3476; x_wconf 90' lang='lat' dir='ltr'>ante</span> <span class='ocrx_word' id='word_1_250' title='bbox 952 3435 1123 3493; x_wconf 90' lang='lat' dir='ltr'>numquam</span> <span class='ocrx_word' id='word_1_251' title='bbox 1148 3417 1245 3478; x_wconf 87' lang='lat' dir='ltr'>initas</span> 
     </span>
     <span class='ocr_line' id='line_1_31' title="bbox 188 3517 1294 3599; baseline 0.008 -23"><span class='ocrx_word' id='word_1_252' title='bbox 188 3517 328 3578; x_wconf 90' lang='lat' dir='ltr'>humano</span> <span class='ocrx_word' id='word_1_253' title='bbox 339 3519 474 3594; x_wconf 88' lang='lat' dir='ltr'>vestigio</span> <span class='ocrx_word' id='word_1_254' title='bbox 485 3519 653 3597; x_wconf 88' lang='lat' dir='ltr'>aperirent,</span> <span class='ocrx_word' id='word_1_255' title='bbox 665 3521 849 3599; x_wconf 85' lang='lat' dir='ltr'>Neptunum</span> <span class='ocrx_word' id='word_1_256' title='bbox 864 3522 991 3582; x_wconf 86' lang='lat' dir='ltr'>iubebat</span> <span class='ocrx_word' id='word_1_257' title='bbox 1002 3523 1110 3582; x_wconf 89' lang='lat' dir='ltr'>ducem</span> <span class='ocrx_word' id='word_1_258' title='bbox 1123 3523 1245 3584; x_wconf 88' lang='lat' dir='ltr'>itineris</span> <span class='ocrx_word' id='word_1_259' title='bbox 1265 3531 1294 3577; x_wconf 80' lang='lat'>³0</span> 
     </span>
     <span class='ocr_line' id='line_1_32' title="bbox 189 3623 1244 3705; baseline 0.008 -24"><span class='ocrx_word' id='word_1_260' title='bbox 189 3623 279 3700; x_wconf 89' lang='lat' dir='ltr'>sequi</span> <span class='ocrx_word' id='word_1_261' title='bbox 294 3643 329 3683; x_wconf 92' lang='lat' dir='ltr'>ac</span> <span class='ocrx_word' id='word_1_262' title='bbox 345 3624 448 3684; x_wconf 89' lang='lat' dir='ltr'>medic</span> <span class='ocrx_word' id='word_1_263' title='bbox 463 3630 574 3700; x_wconf 89' lang='lat' dir='ltr'>stagno</span> <span class='ocrx_word' id='word_1_264' title='bbox 588 3626 719 3685; x_wconf 86' lang='lat' dir='ltr'>evadere</span> <span class='ocrx_word' id='word_1_265' title='bbox 733 3628 773 3686; x_wconf 93' lang='lat' dir='ltr'>ad</span> <span class='ocrx_word' id='word_1_266' title='bbox 790 3627 919 3687; x_wconf 88' lang='lat' dir='ltr'>moenia.</span> <span class='ocrx_word' id='word_1_267' title='bbox 962 3628 1015 3688; x_wconf 85' lang='lat' dir='ltr'>Ab</span> <span class='ocrx_word' id='word_1_268' title='bbox 1032 3634 1116 3688; x_wconf 87' lang='lat' dir='ltr'>terra</span> <span class='ocrx_word' id='word_1_269' title='bbox 1133 3629 1244 3705; x_wconf 89' lang='lat' dir='ltr'>ingens</span> 
     </span>
     <span class='ocr_line' id='line_1_33' title="bbox 188 3727 1244 3806; baseline 0.007 -20"><span class='ocrx_word' id='word_1_270' title='bbox 188 3727 276 3788; x_wconf 89' lang='lat' dir='ltr'>labor</span> <span class='ocrx_word' id='word_1_271' title='bbox 298 3729 536 3790; x_wconf 88' lang='lat' dir='ltr'>succedentibus</span> <span class='ocrx_word' id='word_1_272' title='bbox 558 3737 642 3806; x_wconf 85' lang='lat' dir='ltr'>erat3</span> <span class='ocrx_word' id='word_1_273' title='bbox 672 3750 730 3791; x_wconf 88' lang='lat' dir='ltr'>nec</span> <span class='ocrx_word' id='word_1_274' title='bbox 751 3732 919 3792; x_wconf 84' lang='lat' dir='ltr'>altitudine</span> <span class='ocrx_word' id='word_1_275' title='bbox 940 3738 1064 3792; x_wconf 89' lang='lat' dir='ltr'>tantum</span> <span class='ocrx_word' id='word_1_276' title='bbox 1087 3733 1244 3794; x_wconf 87' lang='lat' dir='ltr'>moenium</span> 
     </span>
    </p>
   </div>
   <div class='ocr_carea' id='block_1_3' title="bbox 0 0 1524 4278">
    <p class='ocr_par' dir='ltr' id='par_1_3' title="bbox 0 0 1524 4278">
     <span class='ocr_line' id='line_1_34' title="bbox 0 0 1524 4278; baseline 0 1"><span class='ocrx_word' id='word_1_277' title='bbox 0 0 1524 4278; x_wconf 95' lang='lat' dir='ltr'> </span> 
     </span>
    </p>
   </div>
  </div>
 </body>
</html>
