3038 4278
243 295 287 366 78
564 309 689 364 namu
714 307 964 365 snunomous

243 485 350 556 gratus
365 485 457 554 esset,
472 480 547 558 quia
563 479 671 557 inopia
691 479 795 540 minus
816 478 925 556 largiri
940 485 1073 558 poterat,
1090 486 1221 560 repente
1235 480 1298 558 glo

242 586 328 646 rians
342 585 441 646 maria
461 585 638 662 montisque
660 584 803 662 polliceri
825 585 928 663 coepit
949 591 981 646 et
1002 584 1116 647 minari
1138 586 1298 647 interdum

243 691 335 765 ferre,
351 691 383 749 ni
399 690 458 751 sibi
473 690 608 751 obnoxia
624 691 716 764 foret,
732 696 890 768 postremo
911 691 1046 752 ferocius
1068 691 1188 768 agitare
1203 711 1298 770 quam

243 795 355 856 solitus
370 801 445 856 erat.
489 795 534 855 At
548 795 662 855 Fulvia
682 793 869 856 insolentiae
884 796 958 857 Curi
980 815 1074 857 causa
1093 797 1221 872 cognita
1233 797 1298 858 tale

208 901 415 980 epericulum
437 899 482 960 rei
504 900 647 978 publicae
668 899 753 960 haud
774 900 932 960 occultum
954 901 1074 975 habuit,
1097 902 1152 962 sed
1174 901 1298 962 sublato

243 1012 367 1066 auctore
382 1005 420 1064 de
440 1005 595 1066 Catilinae
618 1005 832 1066 coniuratione
853 1023 933 1082 quae
955 1025 1078 1084 quoque
1100 1006 1192 1067 modo
1213 1006 1298 1067 audi-

243 1117 319 1187 erat,
334 1093 546 1189 compluribus
561 1110 712 1170 narravit.

283 1217 330 1276 Ea
344 1236 393 1277 res
407 1216 441 1274 iu
456 1215 566 1293 primis
582 1215 688 1275 studia
706 1214 867 1274 hominum
889 1216 1031 1277 accendit
1045 1216 1086 1276 ad
1100 1217 1297 1278 consulatum

243 1321 452 1382 mandandum
476 1322 519 1380 M.
545 1320 650 1380 Tullio
676 1319 827 1380 Ciceroni.
869 1322 1015 1398 Namque
1036 1327 1128 1382 antea
1149 1321 1298 1400 pleraque

194 1442 223 1487 10
243 1427 392 1487 nobilitas
407 1426 529 1486 invidia
542 1426 715 1500 aestuabat,
727 1434 759 1486 et
770 1425 862 1504 quasi
872 1426 972 1504 pollui
987 1427 1182 1488 consulatum
1198 1427 1299 1487 crede

243 1532 328 1607 bant,
344 1531 371 1592 si
392 1550 463 1591 eum
485 1530 630 1609 quamvis
651 1530 796 1607 egregius
818 1531 910 1592 homo
930 1550 1028 1592 novos
1049 1532 1183 1610 adeptus
1204 1532 1296 1592 foret.

244 1638 305 1698 Sed
329 1637 383 1697 ubi
411 1635 584 1714 periculum
613 1636 751 1710 advenit,
780 1636 902 1698 invidia
929 1641 1024 1714 atque
1052 1636 1200 1714 superbia
1226 1643 1299 1714 post

243 1743 340 1802 fuere.
396 1741 499 1817 Igitur
526 1741 663 1802 comitiis
696 1740 814 1803 habitis
849 1741 991 1803 consules
1027 1741 1226 1803 declarantur
1254 1743 1297 1801 M.

244 1847 367 1908 Tullius
381 1853 413 1906 et
425 1847 457 1908 C.
474 1845 640 1906 Antonius.
683 1847 771 1917 Quod
793 1847 911 1908 facturn
933 1847 1035 1925 primo
1055 1847 1217 1925 popularis
1231 1865 1300 1906 con-

196 1967 224 2012 15
244 1953 408 2012 iurationis
430 1957 637 2013 concusserat.
680 1953 791 2030 Neque
806 1959 911 2012 tamen
926 1951 1081 2013 Catilinae
1099 1953 1187 2011 furor
1201 1953 1300 2011 minu·

244 2059 362 2132 ebatur,
378 2057 479 2117 sedin
496 2057 563 2118 dies
579 2057 670 2135 plura
684 2057 820 2134 agitare:
843 2075 930 2118 arma
944 2075 999 2134 per
1014 2056 1140 2117 Italiam
1156 2057 1234 2118 locis
1249 2076 1300 2135 op

244 2163 388 2241 portunis
402 2181 520 2240 parare,
535 2162 698 2240 pecuniam
721 2181 777 2222 sua
797 2168 852 2223 aut
873 2162 1041 2222 amicorum
1057 2162 1119 2222 lide
1141 2167 1300 2240 sumptam

245 2274 386 2328 mutuam
402 2267 551 2328 Faesulas
567 2267 607 2326 ad
623 2266 779 2327 Manlium
801 2267 955 2344 quendam
971 2273 1105 2344 portare,
1120 2266 1176 2344 qui
1190 2272 1301 2345 postea
1317 2339 1319 2342 Ι

245 2372 390 2450 princeps
405 2372 469 2433 fuit
483 2372 559 2433 belli
575 2370 725 2432 faciundi.

271 2583 435 2636 Underlrond
446 2583 635 2646 methodssar’l.
674 2583 868 2646 Preporotr'onr
879 2584 928 2646 sor
944 2596 1013 2646 open
1024 2596 1089 2634 war.
1125 2582 1277 2646 attempted

594 2667 793 2716 assassinaticn
805 2667 838 2728 os
850 2665 952 2715 Cicero.

198 2813 227 2858 20
287 2796 348 2856 His
363 2797 454 2857 rebus
469 2796 666 2873 comparatis,
682 2796 821 2857 Catilina
835 2796 937 2856 nihilo
948 2797 1051 2858 minus
1066 2796 1100 2856 in
1113 2815 1300 2875 proxumum

246 2893 364 2964 annum
390 2902 586 2962 consulatum
615 2902 751 2980 petebat,
780 2920 920 2979 sperans,
949 2901 977 2960 si
1001 2901 1183 2978 designatus
1208 2903 1301 2977 foret,

247 3008 340 3068 facile
370 3025 403 3067 se
430 3026 470 3066 ex
497 3006 661 3067 voluntate
689 3007 828 3066 Antonio
856 3025 993 3066 usurum.
1043 3007 1155 3084 Neque
1182 3007 1303 3068 interea

247 3113 372 3191 quietus
393 3118 469 3187 erat,
485 3112 539 3173 sed
561 3112 705 3173 omnibus
719 3112 821 3173 modis
842 3112 975 3174 insidias
997 3112 1128 3190 parabat
1150 3112 1301 3174 Ciceroni.

246 3221 358 3298 Neque
379 3220 429 3280 illi
449 3227 554 3282 tamen
569 3222 609 3282 ad
624 3222 795 3282 cavendum
818 3221 910 3281 dolus
932 3225 986 3279 aut
1007 3199 1142 3279 astutiae
1163 3219 1301 3279 deerant.

199 3339 228 3383 25
247 3327 393 3403 Namque
417 3346 437 3386 a
460 3327 616 3406 principio
641 3327 823 3388 consulatus
850 3327 898 3388 sui
921 3326 1020 3385 multa
1046 3323 1223 3403 pollicendo
1248 3341 1304 3402 per

248 3431 392 3492 Fulviam
408 3431 562 3508 effecerat,
578 3438 614 3492 ut
624 3433 658 3502 Q.
671 3432 794 3508 Curius,
807 3433 844 3492 de
859 3453 921 3510 quo
932 3433 1026 3510 paulo
1037 3438 1111 3492 ante
1122 3429 1303 3502 memoravi,

248 3536 380 3596 consilia
404 3537 559 3597 Catilinae
585 3537 646 3598 sibi
672 3538 825 3615 proderet.
868 3537 919 3598 Ad
944 3539 1004 3598 hcc
1030 3536 1182 3612 collegam
1213 3554 1303 3595 suum

248 3642 423 3701 Antonium
449 3643 594 3720 pactione
619 3642 801 3721 provinciae
826 3642 1015 3722 perpulerat,
1041 3661 1080 3702 ne
1105 3649 1214 3702 contra
1239 3660 1304 3700 rem

249 3747 408 3826 publicam
438 3748 585 3826 sentiret3
614 3747 731 3809 circum
760 3767 792 3809 se
821 3749 979 3827 praesidia
1010 3747 1178 3808 amicorum
1209 3754 1305 3824 atque
