<?xml version="1.0" encoding="UTF-8"?>
<!DOCTYPE html PUBLIC "-//W3C//DTD XHTML 1.0 Transitional//EN"
    "http://www.w3.org/TR/xhtml1/DTD/xhtml1-transitional.dtd">
<html xmlns="http://www.w3.org/1999/xhtml" xml:lang="en" lang="en">
 <head>
  <title>
</title>
<meta http-equiv="Content-Type" content="text/html;charset=utf-8" />
  <meta name='ocr-system' content='tesseract 3.04.00' />
  <meta name='ocr-capabilities' content='ocr_page ocr_carea ocr_par ocr_line ocrx_word'/>
</head>
<body>
  <div class='ocr_page' id='page_1' title='image "./selectionsfromr00miergoog_0163.png"; bbox 0 0 3058 4284; ppageno 0'>
   <div class='ocr_carea' id='block_1_1' title="bbox 278 298 1004 368">
    <p class='ocr_par' dir='ltr' id='par_1_1' title="bbox 278 298 1004 368">
     <span class='ocr_line' id='line_1_1' title="bbox 278 298 1004 368; baseline -0.001 -1"><span class='ocrx_word' id='word_1_1' title='bbox 278 298 345 368; x_wconf 84' lang='lat'><strong>148</strong></span> <span class='ocrx_word' id='word_1_2' title='bbox 605 309 730 367; x_wconf 80' lang='lat' dir='ltr'>LATIN</span> <span class='ocrx_word' id='word_1_3' title='bbox 754 310 1004 368; x_wconf 67' lang='lat' dir='ltr'><strong>sennonteus</strong></span> 
     </span>
    </p>
   </div>
   <div class='ocr_carea' id='block_1_2' title="bbox 227 479 1333 3818">
    <p class='ocr_par' dir='ltr' id='par_1_2' title="bbox 227 479 1333 3818">
     <span class='ocr_line' id='line_1_2' title="bbox 277 479 1328 560; baseline -0.001 -19"><span class='ocrx_word' id='word_1_4' title='bbox 277 499 377 541; x_wconf 90' lang='lat' dir='ltr'><strong>sarem</strong></span> <span class='ocrx_word' id='word_1_5' title='bbox 404 480 601 540; x_wconf 78' lang='lat' dir='ltr'>convenerim</span> <span class='ocrx_word' id='word_1_6' title='bbox 631 481 882 560; x_wconf 75' lang='lat' dir='ltr'><strong>sententiamque</strong></span> <span class='ocrx_word' id='word_1_7' title='bbox 902 480 970 541; x_wconf 91' lang='lat' dir='ltr'><strong>eius</strong></span> <span class='ocrx_word' id='word_1_8' title='bbox 991 479 1094 558; x_wconf 89' lang='lat' dir='ltr'><strong>qualis</strong></span> <span class='ocrx_word' id='word_1_9' title='bbox 1116 480 1225 541; x_wconf 80' lang='lat' dir='ltr'><strong>futura</strong></span> <span class='ocrx_word' id='word_1_10' title='bbox 1244 485 1328 540; x_wconf 89' lang='lat' dir='ltr'><strong>esset</strong></span> 
     </span>
     <span class='ocr_line' id='line_1_3' title="bbox 277 584 1328 668; baseline 0.001 -24"><span class='ocrx_word' id='word_1_11' title='bbox 277 591 369 668; x_wconf 87' lang='lat' dir='ltr'><strong>parta</strong></span> <span class='ocrx_word' id='word_1_12' title='bbox 382 584 514 646; x_wconf 87' lang='lat' dir='ltr'><strong>victorie</strong></span> <span class='ocrx_word' id='word_1_13' title='bbox 528 585 696 662; x_wconf 82' lang='lat' dir='ltr'><strong>cognorim,</strong></span> <span class='ocrx_word' id='word_1_14' title='bbox 713 592 745 645; x_wconf 93' lang='lat' dir='ltr'><strong>te</strong></span> <span class='ocrx_word' id='word_1_15' title='bbox 763 585 925 646; x_wconf 76' lang='lat' dir='ltr'><strong>certiorem</strong></span> <span class='ocrx_word' id='word_1_16' title='bbox 942 585 1066 646; x_wconf 89' lang='lat' dir='ltr'><strong>fecisse.</strong></span> <span class='ocrx_word' id='word_1_17' title='bbox 1110 584 1143 645; x_wconf 84' lang='lat' dir='ltr'><strong>Si</strong></span> <span class='ocrx_word' id='word_1_18' title='bbox 1164 584 1328 645; x_wconf 89' lang='lat' dir='ltr'><strong>existimas</strong></span> 
     </span>
     <span class='ocr_line' id='line_1_4' title="bbox 277 689 1328 751; baseline 0 -1"><span class='ocrx_word' id='word_1_19' title='bbox 277 691 406 750; x_wconf 90' lang='lat' dir='ltr'><strong>eandem</strong></span> <span class='ocrx_word' id='word_1_20' title='bbox 434 690 586 750; x_wconf 89' lang='lat' dir='ltr'><strong>rationem</strong></span> <span class='ocrx_word' id='word_1_21' title='bbox 608 691 676 751; x_wconf 82' lang='lat' dir='ltr'><strong>fore</strong></span> <span class='ocrx_word' id='word_1_22' title='bbox 698 691 841 751; x_wconf 79' lang='lat' dir='ltr'><strong>Caesaris</strong></span> <span class='ocrx_word' id='word_1_23' title='bbox 862 689 896 749; x_wconf 94' lang='lat' dir='ltr'><strong>in</strong></span> <span class='ocrx_word' id='word_1_24' title='bbox 916 689 1117 750; x_wconf 81' lang='lat' dir='ltr'><strong>dimittendis</strong></span> <span class='ocrx_word' id='word_1_25' title='bbox 1138 689 1328 750; x_wconf 90' lang='lat' dir='ltr'><strong>adversariis</strong></span> 
     </span>
     <span class='ocr_line' id='line_1_5' title="bbox 277 793 1326 871; baseline -0.002 -16"><span class='ocrx_word' id='word_1_26' title='bbox 277 800 309 855; x_wconf 91' lang='lat' dir='ltr'><strong>et</strong></span> <span class='ocrx_word' id='word_1_27' title='bbox 330 795 566 856; x_wconf 77' lang='lat' dir='ltr'><strong>condicionibus</strong></span> <span class='ocrx_word' id='word_1_28' title='bbox 587 796 737 871; x_wconf 86' lang='lat' dir='ltr'><strong>ferendis,</strong></span> <span class='ocrx_word' id='word_1_29' title='bbox 752 814 853 870; x_wconf 81' lang='lat' dir='ltr'><strong>erras3</strong></span> <span class='ocrx_word' id='word_1_30' title='bbox 875 793 957 854; x_wconf 89' lang='lat' dir='ltr'><strong>nihil</strong></span> <span class='ocrx_word' id='word_1_31' title='bbox 971 794 1035 855; x_wconf 90' lang='lat' dir='ltr'><strong>nisi</strong></span> <span class='ocrx_word' id='word_1_32' title='bbox 1049 801 1139 855; x_wconf 86' lang='lat' dir='ltr'><strong>atrox</strong></span> <span class='ocrx_word' id='word_1_33' title='bbox 1153 800 1186 854; x_wconf 89' lang='lat' dir='ltr'><strong>et</strong></span> <span class='ocrx_word' id='word_1_34' title='bbox 1200 813 1326 855; x_wconf 87' lang='lat' dir='ltr'><strong>saevum</strong></span> 
     </span>
     <span class='ocr_line' id='line_1_6' title="bbox 242 899 1328 980; baseline -0.002 -18"><span class='ocrx_word' id='word_1_35' title='bbox 242 917 258 962; x_wconf 82' lang='lat' dir='ltr'><strong>o</strong></span> <span class='ocrx_word' id='word_1_36' title='bbox 276 901 394 976; x_wconf 85' lang='lat' dir='ltr'><strong>cogitat</strong></span> <span class='ocrx_word' id='word_1_37' title='bbox 407 906 502 978; x_wconf 91' lang='lat' dir='ltr'><strong>atque</strong></span> <span class='ocrx_word' id='word_1_38' title='bbox 517 900 610 961; x_wconf 88' lang='lat' dir='ltr'><strong>etiam</strong></span> <span class='ocrx_word' id='word_1_39' title='bbox 627 900 783 980; x_wconf 81' lang='lat' dir='ltr'><strong>loquitur3</strong></span> <span class='ocrx_word' id='word_1_40' title='bbox 806 900 905 960; x_wconf 86' lang='lat' dir='ltr'><strong>iratus</strong></span> <span class='ocrx_word' id='word_1_41' title='bbox 921 900 1045 960; x_wconf 88' lang='lat' dir='ltr'><strong>senatui</strong></span> <span class='ocrx_word' id='word_1_42' title='bbox 1060 900 1146 974; x_wconf 85' lang='lat' dir='ltr'><strong>exiit,</strong></span> <span class='ocrx_word' id='word_1_43' title='bbox 1166 899 1217 960; x_wconf 91' lang='lat' dir='ltr'><strong>his</strong></span> <span class='ocrx_word' id='word_1_44' title='bbox 1234 900 1328 960; x_wconf 92' lang='lat' dir='ltr'><strong>inter·</strong></span> 
     </span>
     <span class='ocr_line' id='line_1_7' title="bbox 276 1004 1329 1084; baseline 0 -19"><span class='ocrx_word' id='word_1_45' title='bbox 276 1005 469 1066; x_wconf 82' lang='lat' dir='ltr'><strong>cessionibus</strong></span> <span class='ocrx_word' id='word_1_46' title='bbox 491 1006 585 1084; x_wconf 89' lang='lat' dir='ltr'><strong>plane</strong></span> <span class='ocrx_word' id='word_1_47' title='bbox 605 1005 758 1066; x_wconf 86' lang='lat' dir='ltr'><strong>incitatus</strong></span> <span class='ocrx_word' id='word_1_48' title='bbox 773 1011 838 1082; x_wconf 89' lang='lat' dir='ltr'><strong>sst;</strong></span> <span class='ocrx_word' id='word_1_49' title='bbox 861 1024 923 1065; x_wconf 91' lang='lat' dir='ltr'><strong>non</strong></span> <span class='ocrx_word' id='word_1_50' title='bbox 939 1004 1132 1066; x_wconf 84' lang='lat' dir='ltr'><strong>mehercules</strong></span> <span class='ocrx_word' id='word_1_51' title='bbox 1148 1005 1208 1066; x_wconf 90' lang='lat' dir='ltr'><strong>erit</strong></span> <span class='ocrx_word' id='word_1_52' title='bbox 1222 1005 1329 1082; x_wconf 81' lang='lat' dir='ltr'><strong>depre</strong></span> 
     </span>
     <span class='ocr_line' id='line_1_8' title="bbox 276 1109 1327 1185; baseline 0 -15"><span class='ocrx_word' id='word_1_53' title='bbox 276 1110 393 1170; x_wconf 91' lang='lat' dir='ltr'><strong>cationi</strong></span> <span class='ocrx_word' id='word_1_54' title='bbox 407 1110 502 1172; x_wconf 88' lang='lat' dir='ltr'><strong>locus.</strong></span> <span class='ocrx_word' id='word_1_55' title='bbox 544 1111 649 1182; x_wconf 80' lang='lat' dir='ltr'><strong>Quare</strong></span> <span class='ocrx_word' id='word_1_56' title='bbox 664 1111 692 1171; x_wconf 93' lang='lat' dir='ltr'><strong>si</strong></span> <span class='ocrx_word' id='word_1_57' title='bbox 710 1110 770 1171; x_wconf 88' lang='lat' dir='ltr'><strong>tibi</strong></span> <span class='ocrx_word' id='word_1_58' title='bbox 791 1116 836 1185; x_wconf 89' lang='lat' dir='ltr'><strong>tu,</strong></span> <span class='ocrx_word' id='word_1_59' title='bbox 859 1110 886 1171; x_wconf 96' lang='lat' dir='ltr'><strong>si</strong></span> <span class='ocrx_word' id='word_1_60' title='bbox 906 1109 994 1172; x_wconf 89' lang='lat' dir='ltr'><strong>filius</strong></span> <span class='ocrx_word' id='word_1_61' title='bbox 1014 1109 1135 1184; x_wconf 88' lang='lat' dir='ltr'><strong>unicus,</strong></span> <span class='ocrx_word' id='word_1_62' title='bbox 1157 1110 1185 1170; x_wconf 93' lang='lat' dir='ltr'><strong>si</strong></span> <span class='ocrx_word' id='word_1_63' title='bbox 1206 1110 1327 1184; x_wconf 87' lang='lat' dir='ltr'><strong>domus,</strong></span> 
     </span>
     <span class='ocr_line' id='line_1_9' title="bbox 277 1213 1328 1293; baseline -0.002 -18"><span class='ocrx_word' id='word_1_64' title='bbox 277 1215 304 1275; x_wconf 90' lang='lat' dir='ltr'><strong>si</strong></span> <span class='ocrx_word' id='word_1_65' title='bbox 319 1233 390 1293; x_wconf 88' lang='lat' dir='ltr'><strong>spes</strong></span> <span class='ocrx_word' id='word_1_66' title='bbox 405 1220 477 1275; x_wconf 87' lang='lat' dir='ltr'><strong>tuae</strong></span> <span class='ocrx_word' id='word_1_67' title='bbox 491 1214 632 1293; x_wconf 88' lang='lat' dir='ltr'><strong>reliquae</strong></span> <span class='ocrx_word' id='word_1_68' title='bbox 646 1214 706 1276; x_wconf 90' lang='lat' dir='ltr'><strong>tibi</strong></span> <span class='ocrx_word' id='word_1_69' title='bbox 720 1233 809 1275; x_wconf 90' lang='lat' dir='ltr'><strong>carae</strong></span> <span class='ocrx_word' id='word_1_70' title='bbox 825 1220 908 1291; x_wconf 90' lang='lat' dir='ltr'><strong>sunt,</strong></span> <span class='ocrx_word' id='word_1_71' title='bbox 924 1215 952 1275; x_wconf 91' lang='lat' dir='ltr'><strong>si</strong></span> <span class='ocrx_word' id='word_1_72' title='bbox 966 1213 1088 1291; x_wconf 69' lang='lat' dir='ltr'><strong>aliquid</strong></span> <span class='ocrx_word' id='word_1_73' title='bbox 1103 1215 1187 1293; x_wconf 89' lang='lat' dir='ltr'><strong>apud</strong></span> <span class='ocrx_word' id='word_1_74' title='bbox 1208 1220 1241 1274; x_wconf 92' lang='lat' dir='ltr'><strong>te</strong></span> <span class='ocrx_word' id='word_1_75' title='bbox 1260 1233 1328 1289; x_wconf 88' lang='lat' dir='ltr'><strong>nos,</strong></span> 
     </span>
     <span class='ocr_line' id='line_1_10' title="bbox 277 1319 1326 1398; baseline -0.003 -18"><span class='ocrx_word' id='word_1_76' title='bbox 277 1320 305 1380; x_wconf 91' lang='lat' dir='ltr'><strong>si</strong></span> <span class='ocrx_word' id='word_1_77' title='bbox 318 1320 367 1379; x_wconf 87' lang='lat' dir='ltr'><strong>vir</strong></span> <span class='ocrx_word' id='word_1_78' title='bbox 386 1320 532 1398; x_wconf 90' lang='lat' dir='ltr'><strong>optimus,</strong></span> <span class='ocrx_word' id='word_1_79' title='bbox 555 1339 650 1397; x_wconf 83' lang='lat' dir='ltr'><strong>gener</strong></span> <span class='ocrx_word' id='word_1_80' title='bbox 670 1325 745 1380; x_wconf 85' lang='lat' dir='ltr'><strong>tuus</strong></span> <span class='ocrx_word' id='word_1_81' title='bbox 766 1319 907 1380; x_wconf 86' lang='lat' dir='ltr'><strong>valemus</strong></span> <span class='ocrx_word' id='word_1_82' title='bbox 929 1337 1061 1397; x_wconf 91' lang='lat' dir='ltr'><strong>quorum</strong></span> <span class='ocrx_word' id='word_1_83' title='bbox 1083 1320 1241 1378; x_wconf 89' lang='lat' dir='ltr'><strong>fortunam</strong></span> <span class='ocrx_word' id='word_1_84' title='bbox 1264 1337 1326 1378; x_wconf 91' lang='lat' dir='ltr'><strong>non</strong></span> 
     </span>
     <span class='ocr_line' id='line_1_11' title="bbox 230 1422 1331 1501; baseline -0.004 -15"><span class='ocrx_word' id='word_1_85' title='bbox 230 1441 258 1486; x_wconf 88' lang='lat'><strong>10</strong></span> <span class='ocrx_word' id='word_1_86' title='bbox 277 1425 369 1485; x_wconf 90' lang='lat' dir='ltr'><strong>debes</strong></span> <span class='ocrx_word' id='word_1_87' title='bbox 384 1424 466 1485; x_wconf 87' lang='lat' dir='ltr'><strong>velle</strong></span> <span class='ocrx_word' id='word_1_88' title='bbox 480 1426 673 1501; x_wconf 89' lang='lat' dir='ltr'><strong>conturbare,</strong></span> <span class='ocrx_word' id='word_1_89' title='bbox 689 1431 725 1484; x_wconf 91' lang='lat' dir='ltr'><strong>ut</strong></span> <span class='ocrx_word' id='word_1_90' title='bbox 739 1443 808 1484; x_wconf 88' lang='lat' dir='ltr'><strong>eam</strong></span> <span class='ocrx_word' id='word_1_91' title='bbox 823 1443 948 1484; x_wconf 90' lang='lat' dir='ltr'><strong>causam</strong></span> <span class='ocrx_word' id='word_1_92' title='bbox 963 1425 998 1484; x_wconf 89' lang='lat' dir='ltr'><strong>in</strong></span> <span class='ocrx_word' id='word_1_93' title='bbox 1012 1424 1123 1501; x_wconf 90' lang='lat' dir='ltr'><strong>quoius</strong></span> <span class='ocrx_word' id='word_1_94' title='bbox 1139 1422 1270 1484; x_wconf 88' lang='lat' dir='ltr'><strong>victoria</strong></span> <span class='ocrx_word' id='word_1_95' title='bbox 1284 1442 1331 1484; x_wconf 86' lang='lat' dir='ltr'><strong>sa-</strong></span> 
     </span>
     <span class='ocr_line' id='line_1_12' title="bbox 276 1528 1327 1607; baseline -0.003 -18"><span class='ocrx_word' id='word_1_96' title='bbox 276 1529 325 1590; x_wconf 88' lang='lat' dir='ltr'><strong>lus</strong></span> <span class='ocrx_word' id='word_1_97' title='bbox 354 1536 461 1590; x_wconf 87' lang='lat' dir='ltr'><strong>nostra</strong></span> <span class='ocrx_word' id='word_1_98' title='bbox 485 1535 532 1590; x_wconf 88' lang='lat' dir='ltr'><strong>est</strong></span> <span class='ocrx_word' id='word_1_99' title='bbox 557 1530 660 1591; x_wconf 90' lang='lat' dir='ltr'><strong>odisse</strong></span> <span class='ocrx_word' id='word_1_100' title='bbox 681 1536 737 1590; x_wconf 86' lang='lat' dir='ltr'><strong>aut</strong></span> <span class='ocrx_word' id='word_1_101' title='bbox 757 1528 935 1607; x_wconf 86' lang='lat' dir='ltr'><strong>relinquere</strong></span> <span class='ocrx_word' id='word_1_102' title='bbox 955 1548 1101 1606; x_wconf 81' lang='lat' dir='ltr'><strong>cogamur</strong></span> <span class='ocrx_word' id='word_1_103' title='bbox 1122 1534 1177 1588; x_wconf 88' lang='lat' dir='ltr'><strong>aut</strong></span> <span class='ocrx_word' id='word_1_104' title='bbox 1198 1528 1327 1606; x_wconf 87' lang='lat' dir='ltr'><strong>impiam</strong></span> 
     </span>
     <span class='ocr_line' id='line_1_13' title="bbox 276 1632 1329 1714; baseline -0.003 -20"><span class='ocrx_word' id='word_1_105' title='bbox 276 1635 482 1714; x_wconf 85' lang='lat' dir='ltr'><strong>cupiditatem</strong></span> <span class='ocrx_word' id='word_1_106' title='bbox 492 1641 601 1696; x_wconf 85' lang='lat' dir='ltr'><strong>contre</strong></span> <span class='ocrx_word' id='word_1_107' title='bbox 615 1635 749 1696; x_wconf 89' lang='lat' dir='ltr'><strong>salutem</strong></span> <span class='ocrx_word' id='word_1_108' title='bbox 763 1641 850 1695; x_wconf 89' lang='lat' dir='ltr'><strong>tuam</strong></span> <span class='ocrx_word' id='word_1_109' title='bbox 866 1635 1087 1695; x_wconf 83' lang='lat' dir='ltr'><strong>habeamus-</strong></span> <span class='ocrx_word' id='word_1_110' title='bbox 1096 1635 1232 1711; x_wconf 91' lang='lat' dir='ltr'><strong>denique</strong></span> <span class='ocrx_word' id='word_1_111' title='bbox 1246 1632 1329 1692; x_wconf 91' lang='lat' dir='ltr'><strong>illud</strong></span> 
     </span>
     <span class='ocr_line' id='line_1_14' title="bbox 276 1738 1328 1817; baseline -0.002 -17"><span class='ocrx_word' id='word_1_112' title='bbox 276 1739 388 1816; x_wconf 85' lang='lat' dir='ltr'><strong>cogita,</strong></span> <span class='ocrx_word' id='word_1_113' title='bbox 405 1740 489 1817; x_wconf 91' lang='lat' dir='ltr'><strong>quod</strong></span> <span class='ocrx_word' id='word_1_114' title='bbox 508 1740 645 1801; x_wconf 86' lang='lat' dir='ltr'><strong>offensae</strong></span> <span class='ocrx_word' id='word_1_115' title='bbox 665 1739 764 1800; x_wconf 84' lang='lat' dir='ltr'><strong>fuerit</strong></span> <span class='ocrx_word' id='word_1_116' title='bbox 784 1740 817 1799; x_wconf 93' lang='lat' dir='ltr'><strong>in</strong></span> <span class='ocrx_word' id='word_1_117' title='bbox 839 1741 902 1800; x_wconf 89' lang='lat' dir='ltr'><strong>ista</strong></span> <span class='ocrx_word' id='word_1_118' title='bbox 922 1739 1122 1800; x_wconf 87' lang='lat' dir='ltr'><strong>cunctatione</strong></span> <span class='ocrx_word' id='word_1_119' title='bbox 1143 1744 1175 1799; x_wconf 89' lang='lat' dir='ltr'><strong>te</strong></span> <span class='ocrx_word' id='word_1_120' title='bbox 1197 1738 1328 1798; x_wconf 89' lang='lat' dir='ltr'><strong>subisse.</strong></span> 
     </span>
     <span class='ocr_line' id='line_1_15' title="bbox 275 1842 1329 1922; baseline -0.001 -18"><span class='ocrx_word' id='word_1_121' title='bbox 275 1845 369 1905; x_wconf 88' lang='lat' dir='ltr'><strong>Nunc</strong></span> <span class='ocrx_word' id='word_1_122' title='bbox 384 1851 415 1904; x_wconf 90' lang='lat' dir='ltr'><strong>te</strong></span> <span class='ocrx_word' id='word_1_123' title='bbox 431 1850 539 1906; x_wconf 90' lang='lat' dir='ltr'><strong>contra</strong></span> <span class='ocrx_word' id='word_1_124' title='bbox 553 1845 704 1905; x_wconf 86' lang='lat' dir='ltr'><strong>victorem</strong></span> <span class='ocrx_word' id='word_1_125' title='bbox 719 1845 883 1905; x_wconf 80' lang='lat' dir='ltr'><strong>Gaesarem</strong></span> <span class='ocrx_word' id='word_1_126' title='bbox 898 1844 1000 1905; x_wconf 88' lang='lat' dir='ltr'><strong>facere</strong></span> <span class='ocrx_word' id='word_1_127' title='bbox 1016 1863 1106 1922; x_wconf 91' lang='lat' dir='ltr'><strong>quem</strong></span> <span class='ocrx_word' id='word_1_128' title='bbox 1120 1842 1225 1904; x_wconf 88' lang='lat' dir='ltr'><strong>dubiis</strong></span> <span class='ocrx_word' id='word_1_129' title='bbox 1236 1844 1329 1903; x_wconf 88' lang='lat' dir='ltr'><strong>rebus</strong></span> 
     </span>
     <span class='ocr_line' id='line_1_16' title="bbox 229 1949 1329 2026; baseline -0.002 -16"><span class='ocrx_word' id='word_1_130' title='bbox 229 1965 257 2010; x_wconf 80' lang='lat' dir='ltr'><strong>rs</strong></span> <span class='ocrx_word' id='word_1_131' title='bbox 277 1950 398 2010; x_wconf 88' lang='lat' dir='ltr'><strong>laedere</strong></span> <span class='ocrx_word' id='word_1_132' title='bbox 412 1950 542 2009; x_wconf 87' lang='lat' dir='ltr'><strong>noluisti</strong></span> <span class='ocrx_word' id='word_1_133' title='bbox 557 1955 589 2009; x_wconf 88' lang='lat' dir='ltr'><strong>et</strong></span> <span class='ocrx_word' id='word_1_134' title='bbox 604 1950 644 2009; x_wconf 88' lang='lat' dir='ltr'><strong>ad</strong></span> <span class='ocrx_word' id='word_1_135' title='bbox 659 1969 711 2010; x_wconf 92' lang='lat' dir='ltr'><strong>eos</strong></span> <span class='ocrx_word' id='word_1_136' title='bbox 732 1950 858 2024; x_wconf 84' lang='lat' dir='ltr'><strong>fugatos</strong></span> <span class='ocrx_word' id='word_1_137' title='bbox 880 1950 1024 2010; x_wconf 89' lang='lat' dir='ltr'><strong>accedere</strong></span> <span class='ocrx_word' id='word_1_138' title='bbox 1046 1967 1124 2026; x_wconf 89' lang='lat' dir='ltr'><strong>quos</strong></span> <span class='ocrx_word' id='word_1_139' title='bbox 1145 1949 1329 2010; x_wconf 84' lang='lat' dir='ltr'><strong>resistentes</strong></span> 
     </span>
     <span class='ocr_line' id='line_1_17' title="bbox 278 2053 1330 2132; baseline -0.003 -17"><span class='ocrx_word' id='word_1_140' title='bbox 278 2054 366 2132; x_wconf 86' lang='lat' dir='ltr'><strong>sequi</strong></span> <span class='ocrx_word' id='word_1_141' title='bbox 380 2055 518 2114; x_wconf 87' lang='lat' dir='ltr'><strong>nolueris</strong></span> <span class='ocrx_word' id='word_1_142' title='bbox 533 2073 672 2115; x_wconf 89' lang='lat' dir='ltr'><strong>summae</strong></span> <span class='ocrx_word' id='word_1_143' title='bbox 687 2054 843 2115; x_wconf 85' lang='lat' dir='ltr'><strong>stultitiae</strong></span> <span class='ocrx_word' id='word_1_144' title='bbox 862 2060 919 2114; x_wconf 90' lang='lat' dir='ltr'><strong>est.</strong></span> <span class='ocrx_word' id='word_1_145' title='bbox 962 2054 1043 2115; x_wconf 86' lang='lat' dir='ltr'><strong>Vide</strong></span> <span class='ocrx_word' id='word_1_146' title='bbox 1064 2073 1113 2130; x_wconf 88' lang='lat' dir='ltr'><strong>ne,</strong></span> <span class='ocrx_word' id='word_1_147' title='bbox 1135 2055 1210 2113; x_wconf 90' lang='lat' dir='ltr'><strong>dum</strong></span> <span class='ocrx_word' id='word_1_148' title='bbox 1231 2053 1330 2131; x_wconf 88' lang='lat' dir='ltr'><strong>pudet</strong></span> 
     </span>
     <span class='ocr_line' id='line_1_18' title="bbox 276 2158 1329 2238; baseline -0.004 -19"><span class='ocrx_word' id='word_1_149' title='bbox 276 2166 308 2219; x_wconf 90' lang='lat' dir='ltr'><strong>te</strong></span> <span class='ocrx_word' id='word_1_150' title='bbox 323 2179 432 2238; x_wconf 89' lang='lat' dir='ltr'><strong>parum</strong></span> <span class='ocrx_word' id='word_1_151' title='bbox 447 2159 634 2238; x_wconf 84' lang='lat' dir='ltr'><strong>optimatem</strong></span> <span class='ocrx_word' id='word_1_152' title='bbox 652 2179 729 2235; x_wconf 88' lang='lat' dir='ltr'><strong>esse,</strong></span> <span class='ocrx_word' id='word_1_153' title='bbox 752 2179 862 2237; x_wconf 91' lang='lat' dir='ltr'><strong>parum</strong></span> <span class='ocrx_word' id='word_1_154' title='bbox 884 2159 1054 2236; x_wconf 84' lang='lat' dir='ltr'><strong>diligenter</strong></span> <span class='ocrx_word' id='word_1_155' title='bbox 1075 2159 1152 2237; x_wconf 90' lang='lat' dir='ltr'><strong>quid</strong></span> <span class='ocrx_word' id='word_1_156' title='bbox 1173 2158 1329 2236; x_wconf 88' lang='lat' dir='ltr'><strong>optimum</strong></span> 
     </span>
     <span class='ocr_line' id='line_1_19' title="bbox 276 2262 1330 2342; baseline -0.005 -16"><span class='ocrx_word' id='word_1_157' title='bbox 276 2266 319 2326; x_wconf 90' lang='lat' dir='ltr'><strong>sit</strong></span> <span class='ocrx_word' id='word_1_158' title='bbox 333 2265 440 2341; x_wconf 82' lang='lat' dir='ltr'><strong>eligas.</strong></span> <span class='ocrx_word' id='word_1_159' title='bbox 482 2264 571 2335; x_wconf 73' lang='lat' dir='ltr'><strong>Quod</strong></span> <span class='ocrx_word' id='word_1_160' title='bbox 587 2266 613 2325; x_wconf 90' lang='lat' dir='ltr'><strong>si</strong></span> <span class='ocrx_word' id='word_1_161' title='bbox 628 2271 730 2324; x_wconf 88' lang='lat' dir='ltr'><strong>toturn</strong></span> <span class='ocrx_word' id='word_1_162' title='bbox 746 2264 806 2324; x_wconf 91' lang='lat' dir='ltr'><strong>tibi</strong></span> <span class='ocrx_word' id='word_1_163' title='bbox 821 2264 1008 2342; x_wconf 87' lang='lat' dir='ltr'><strong>persuadere</strong></span> <span class='ocrx_word' id='word_1_164' title='bbox 1027 2283 1089 2324; x_wconf 90' lang='lat' dir='ltr'><strong>non</strong></span> <span class='ocrx_word' id='word_1_165' title='bbox 1111 2283 1249 2342; x_wconf 86' lang='lat' dir='ltr'><strong>possum,</strong></span> <span class='ocrx_word' id='word_1_166' title='bbox 1272 2262 1330 2322; x_wconf 88' lang='lat' dir='ltr'><strong>sal-</strong></span> 
     </span>
     <span class='ocr_line' id='line_1_20' title="bbox 276 2369 1329 2448; baseline -0.001 -19"><span class='ocrx_word' id='word_1_167' title='bbox 276 2375 340 2429; x_wconf 89' lang='lat' dir='ltr'><strong>tem</strong></span> <span class='ocrx_word' id='word_1_168' title='bbox 361 2370 434 2429; x_wconf 87' lang='lat' dir='ltr'><strong>dum</strong></span> <span class='ocrx_word' id='word_1_169' title='bbox 458 2370 594 2448; x_wconf 88' lang='lat' dir='ltr'><strong>quidde</strong></span> <span class='ocrx_word' id='word_1_170' title='bbox 616 2369 784 2448; x_wconf 90' lang='lat' dir='ltr'><strong>Hispaniis</strong></span> <span class='ocrx_word' id='word_1_171' title='bbox 806 2388 935 2445; x_wconf 87' lang='lat' dir='ltr'><strong>agamus</strong></span> <span class='ocrx_word' id='word_1_172' title='bbox 952 2369 1049 2428; x_wconf 90' lang='lat' dir='ltr'><strong>scitur</strong></span> <span class='ocrx_word' id='word_1_173' title='bbox 1064 2375 1227 2447; x_wconf 81' lang='lat' dir='ltr'><strong>exspecta3</strong></span> <span class='ocrx_word' id='word_1_174' title='bbox 1250 2387 1329 2446; x_wconf 89' lang='lat' dir='ltr'><strong>quas</strong></span> 
     </span>
     <span class='ocr_line' id='line_1_21' title="bbox 228 2473 1327 2551; baseline -0.003 -16"><span class='ocrx_word' id='word_1_175' title='bbox 228 2490 258 2535; x_wconf 79' lang='lat' dir='ltr'><strong>so</strong></span> <span class='ocrx_word' id='word_1_176' title='bbox 276 2474 336 2535; x_wconf 89' lang='lat' dir='ltr'><strong>tibi</strong></span> <span class='ocrx_word' id='word_1_177' title='bbox 350 2475 461 2535; x_wconf 86' lang='lat' dir='ltr'><strong>nuntio</strong></span> <span class='ocrx_word' id='word_1_178' title='bbox 475 2475 613 2534; x_wconf 88' lang='lat' dir='ltr'><strong>adventu</strong></span> <span class='ocrx_word' id='word_1_179' title='bbox 629 2473 770 2534; x_wconf 82' lang='lat' dir='ltr'><strong>Caesaris</strong></span> <span class='ocrx_word' id='word_1_180' title='bbox 785 2475 853 2534; x_wconf 87' lang='lat' dir='ltr'><strong>fore</strong></span> <span class='ocrx_word' id='word_1_181' title='bbox 868 2479 1001 2534; x_wconf 87' lang='lat' dir='ltr'><strong>nostras.</strong></span> <span class='ocrx_word' id='word_1_182' title='bbox 1044 2474 1143 2545; x_wconf 81' lang='lat' dir='ltr'><strong>Quam</strong></span> <span class='ocrx_word' id='word_1_183' title='bbox 1164 2474 1220 2533; x_wconf 91' lang='lat' dir='ltr'><strong>isti</strong></span> <span class='ocrx_word' id='word_1_184' title='bbox 1241 2492 1327 2551; x_wconf 87' lang='lat' dir='ltr'><strong>spem</strong></span> 
     </span>
     <span class='ocr_line' id='line_1_22' title="bbox 276 2578 1330 2657; baseline -0.002 -19"><span class='ocrx_word' id='word_1_185' title='bbox 276 2580 413 2641; x_wconf 89' lang='lat' dir='ltr'><strong>habeant</strong></span> <span class='ocrx_word' id='word_1_186' title='bbox 431 2579 556 2640; x_wconf 87' lang='lat' dir='ltr'><strong>arnissis</strong></span> <span class='ocrx_word' id='word_1_187' title='bbox 576 2579 742 2657; x_wconf 89' lang='lat' dir='ltr'><strong>Hispaniis</strong></span> <span class='ocrx_word' id='word_1_188' title='bbox 762 2578 883 2654; x_wconf 84' lang='lat' dir='ltr'><strong>nesci03</strong></span> <span class='ocrx_word' id='word_1_189' title='bbox 906 2579 990 2655; x_wconf 90' lang='lat' dir='ltr'><strong>quod</strong></span> <span class='ocrx_word' id='word_1_190' title='bbox 1009 2597 1101 2657; x_wconf 91' lang='lat' dir='ltr'><strong>porro</strong></span> <span class='ocrx_word' id='word_1_191' title='bbox 1122 2583 1211 2637; x_wconf 88' lang='lat' dir='ltr'><strong>tuum</strong></span> <span class='ocrx_word' id='word_1_192' title='bbox 1233 2578 1330 2637; x_wconf 92' lang='lat' dir='ltr'><strong>consi-</strong></span> 
     </span>
     <span class='ocr_line' id='line_1_23' title="bbox 276 2681 1287 2762; baseline -0.003 -19"><span class='ocrx_word' id='word_1_193' title='bbox 276 2685 353 2744; x_wconf 91' lang='lat' dir='ltr'><strong>lium</strong></span> <span class='ocrx_word' id='word_1_194' title='bbox 370 2685 411 2744; x_wconf 88' lang='lat' dir='ltr'><strong>sit</strong></span> <span class='ocrx_word' id='word_1_195' title='bbox 426 2685 466 2744; x_wconf 91' lang='lat' dir='ltr'><strong>ad</strong></span> <span class='ocrx_word' id='word_1_196' title='bbox 480 2685 661 2762; x_wconf 87' lang='lat' dir='ltr'><strong>desperatos</strong></span> <span class='ocrx_word' id='word_1_197' title='bbox 675 2684 821 2744; x_wconf 86' lang='lat' dir='ltr'><strong>accedere</strong></span> <span class='ocrx_word' id='word_1_198' title='bbox 835 2703 897 2744; x_wconf 90' lang='lat' dir='ltr'><strong>non</strong></span> <span class='ocrx_word' id='word_1_199' title='bbox 913 2683 1034 2744; x_wconf 87' lang='lat' dir='ltr'><strong>medius</strong></span> <span class='ocrx_word' id='word_1_200' title='bbox 1048 2682 1144 2743; x_wconf 91' lang='lat' dir='ltr'><strong>fidius</strong></span> <span class='ocrx_word' id='word_1_201' title='bbox 1159 2681 1287 2760; x_wconf 91' lang='lat' dir='ltr'><strong>reperio.</strong></span> 
     </span>
     <span class='ocr_line' id='line_1_24' title="bbox 317 2787 1330 2867; baseline -0.002 -19"><span class='ocrx_word' id='word_1_202' title='bbox 317 2791 387 2850; x_wconf 92' lang='lat' dir='ltr'><strong>Hoo</strong></span> <span class='ocrx_word' id='word_1_203' title='bbox 402 2791 485 2867; x_wconf 92' lang='lat' dir='ltr'><strong>quod</strong></span> <span class='ocrx_word' id='word_1_204' title='bbox 498 2797 534 2850; x_wconf 94' lang='lat' dir='ltr'><strong>tu</strong></span> <span class='ocrx_word' id='word_1_205' title='bbox 549 2789 758 2849; x_wconf 82' lang='lat' dir='ltr'><strong>condicendo</strong></span> <span class='ocrx_word' id='word_1_206' title='bbox 773 2789 851 2848; x_wconf 90' lang='lat' dir='ltr'><strong>mihi</strong></span> <span class='ocrx_word' id='word_1_207' title='bbox 867 2788 1052 2864; x_wconf 86' lang='lat' dir='ltr'><strong>significasti</strong></span> <span class='ocrx_word' id='word_1_208' title='bbox 1065 2789 1179 2851; x_wconf 85' lang='lat' dir='ltr'><strong>Caesar</strong></span> <span class='ocrx_word' id='word_1_209' title='bbox 1189 2787 1330 2847; x_wconf 89' lang='lat' dir='ltr'><strong>audierat</strong></span> 
     </span>
     <span class='ocr_line' id='line_1_25' title="bbox 277 2891 1331 2972; baseline -0.004 -17"><span class='ocrx_word' id='word_1_210' title='bbox 277 2914 321 2970; x_wconf 88' lang='lat' dir='ltr'><strong>ac,</strong></span> <span class='ocrx_word' id='word_1_211' title='bbox 337 2895 431 2956; x_wconf 88' lang='lat' dir='ltr'><strong>simul</strong></span> <span class='ocrx_word' id='word_1_212' title='bbox 446 2901 540 2972; x_wconf 91' lang='lat' dir='ltr'><strong>atque</strong></span> <span class='ocrx_word' id='word_1_213' title='bbox 555 2901 563 2930; x_wconf 87' lang='lat'>‘</span> <span class='ocrx_word' id='word_1_214' title='bbox 572 2894 671 2953; x_wconf 91' lang='lat' dir='ltr'><strong>have&#39;</strong></span> <span class='ocrx_word' id='word_1_215' title='bbox 686 2893 765 2953; x_wconf 91' lang='lat' dir='ltr'><strong>mihi</strong></span> <span class='ocrx_word' id='word_1_216' title='bbox 780 2893 873 2970; x_wconf 87' lang='lat' dir='ltr'><strong>dixit,</strong></span> <span class='ocrx_word' id='word_1_217' title='bbox 889 2893 998 2954; x_wconf 89' lang='lat' dir='ltr'><strong>statim</strong></span> <span class='ocrx_word' id='word_1_218' title='bbox 1018 2893 1095 2971; x_wconf 90' lang='lat' dir='ltr'><strong>quid</strong></span> <span class='ocrx_word' id='word_1_219' title='bbox 1107 2891 1156 2952; x_wconf 89' lang='lat' dir='ltr'><strong>&#39;ds</strong></span> <span class='ocrx_word' id='word_1_220' title='bbox 1177 2898 1209 2952; x_wconf 93' lang='lat' dir='ltr'><strong>te</strong></span> <span class='ocrx_word' id='word_1_221' title='bbox 1229 2891 1331 2952; x_wconf 87' lang='lat' dir='ltr'><strong>audis·</strong></span> 
     </span>
     <span class='ocr_line' id='line_1_26' title="bbox 228 2997 1331 3078; baseline -0.004 -18"><span class='ocrx_word' id='word_1_222' title='bbox 228 3015 257 3060; x_wconf 78' lang='lat'><strong>25</strong></span> <span class='ocrx_word' id='word_1_223' title='bbox 278 3006 325 3060; x_wconf 89' lang='lat' dir='ltr'><strong>set</strong></span> <span class='ocrx_word' id='word_1_224' title='bbox 340 3000 493 3078; x_wconf 86' lang='lat' dir='ltr'><strong>exposuit.</strong></span> <span class='ocrx_word' id='word_1_225' title='bbox 536 2999 660 3074; x_wconf 85' lang='lat' dir='ltr'><strong>Negavi</strong></span> <span class='ocrx_word' id='word_1_226' title='bbox 676 3018 724 3058; x_wconf 92' lang='lat' dir='ltr'><strong>me</strong></span> <span class='ocrx_word' id='word_1_227' title='bbox 739 2999 818 3059; x_wconf 91' lang='lat' dir='ltr'><strong>scire</strong></span> <span class='ocrx_word' id='word_1_228' title='bbox 831 2999 885 3059; x_wconf 89' lang='lat' dir='ltr'><strong>sed</strong></span> <span class='ocrx_word' id='word_1_229' title='bbox 900 3005 1005 3058; x_wconf 90' lang='lat' dir='ltr'><strong>tamen</strong></span> <span class='ocrx_word' id='word_1_230' title='bbox 1020 2999 1059 3058; x_wconf 91' lang='lat' dir='ltr'><strong>ab</strong></span> <span class='ocrx_word' id='word_1_231' title='bbox 1074 3016 1110 3058; x_wconf 91' lang='lat' dir='ltr'><strong>eo</strong></span> <span class='ocrx_word' id='word_1_232' title='bbox 1124 2997 1224 3076; x_wconf 86' lang='lat' dir='ltr'><strong>petivi</strong></span> <span class='ocrx_word' id='word_1_233' title='bbox 1239 3002 1274 3057; x_wconf 88' lang='lat' dir='ltr'><strong>ut</strong></span> <span class='ocrx_word' id='word_1_234' title='bbox 1291 2997 1331 3056; x_wconf 90' lang='lat' dir='ltr'><strong>ad</strong></span> 
     </span>
     <span class='ocr_line' id='line_1_27' title="bbox 277 3103 1331 3181; baseline -0.005 -16"><span class='ocrx_word' id='word_1_235' title='bbox 277 3111 309 3165; x_wconf 91' lang='lat' dir='ltr'><strong>te</strong></span> <span class='ocrx_word' id='word_1_236' title='bbox 334 3104 457 3165; x_wconf 87' lang='lat' dir='ltr'><strong>litteras</strong></span> <span class='ocrx_word' id='word_1_237' title='bbox 481 3104 622 3164; x_wconf 90' lang='lat' dir='ltr'><strong>mitteret</strong></span> <span class='ocrx_word' id='word_1_238' title='bbox 647 3104 761 3181; x_wconf 88' lang='lat' dir='ltr'><strong>quibus</strong></span> <span class='ocrx_word' id='word_1_239' title='bbox 785 3103 919 3163; x_wconf 85' lang='lat' dir='ltr'><strong>maxime</strong></span> <span class='ocrx_word' id='word_1_240' title='bbox 942 3104 982 3164; x_wconf 90' lang='lat' dir='ltr'><strong>ad</strong></span> <span class='ocrx_word' id='word_1_241' title='bbox 1004 3103 1229 3163; x_wconf 88' lang='lat' dir='ltr'><strong>remanendum</strong></span> <span class='ocrx_word' id='word_1_242' title='bbox 1252 3121 1331 3163; x_wconf 93' lang='lat' dir='ltr'><strong>oom-</strong></span> 
     </span>
     <span class='ocr_line' id='line_1_28' title="bbox 277 3207 1330 3289; baseline -0.003 -20"><span class='ocrx_word' id='word_1_243' title='bbox 277 3211 396 3270; x_wconf 87' lang='lat' dir='ltr'><strong>moveri</strong></span> <span class='ocrx_word' id='word_1_244' title='bbox 410 3229 526 3289; x_wconf 91' lang='lat' dir='ltr'><strong>posses.</strong></span> <span class='ocrx_word' id='word_1_245' title='bbox 570 3212 623 3270; x_wconf 89' lang='lat' dir='ltr'><strong>Me</strong></span> <span class='ocrx_word' id='word_1_246' title='bbox 639 3229 740 3270; x_wconf 88' lang='lat' dir='ltr'><strong>secum</strong></span> <span class='ocrx_word' id='word_1_247' title='bbox 757 3210 790 3268; x_wconf 92' lang='lat' dir='ltr'><strong>in</strong></span> <span class='ocrx_word' id='word_1_248' title='bbox 808 3209 996 3288; x_wconf 89' lang='lat' dir='ltr'><strong>Hispaniam</strong></span> <span class='ocrx_word' id='word_1_249' title='bbox 1019 3209 1115 3269; x_wconf 90' lang='lat' dir='ltr'><strong>ducit.</strong></span> <span class='ocrx_word' id='word_1_250' title='bbox 1160 3209 1245 3268; x_wconf 87' lang='lat' dir='ltr'><strong>Nam</strong></span> <span class='ocrx_word' id='word_1_251' title='bbox 1267 3207 1330 3267; x_wconf 91' lang='lat' dir='ltr'><strong>nisi</strong></span> 
     </span>
     <span class='ocr_line' id='line_1_29' title="bbox 277 3313 1331 3393; baseline -0.004 -19"><span class='ocrx_word' id='word_1_252' title='bbox 277 3315 323 3375; x_wconf 89' lang='lat' dir='ltr'><strong>ita</strong></span> <span class='ocrx_word' id='word_1_253' title='bbox 337 3316 465 3391; x_wconf 80' lang='lat' dir='ltr'><strong>faceret,</strong></span> <span class='ocrx_word' id='word_1_254' title='bbox 480 3333 545 3390; x_wconf 85' lang='lat' dir='ltr'><strong>ego,</strong></span> <span class='ocrx_word' id='word_1_255' title='bbox 561 3315 743 3393; x_wconf 90' lang='lat' dir='ltr'><strong>priusquam</strong></span> <span class='ocrx_word' id='word_1_256' title='bbox 759 3315 799 3374; x_wconf 89' lang='lat' dir='ltr'><strong>ad</strong></span> <span class='ocrx_word' id='word_1_257' title='bbox 813 3315 923 3375; x_wconf 88' lang='lat' dir='ltr'><strong>urbem</strong></span> <span class='ocrx_word' id='word_1_258' title='bbox 938 3315 1124 3389; x_wconf 85' lang='lat' dir='ltr'><strong>accederem,</strong></span> <span class='ocrx_word' id='word_1_259' title='bbox 1141 3313 1331 3390; x_wconf 89' lang='lat' dir='ltr'><strong>ubicumque</strong></span> 
     </span>
     <span class='ocr_line' id='line_1_30' title="bbox 277 3417 1330 3498; baseline -0.003 -18"><span class='ocrx_word' id='word_1_260' title='bbox 277 3439 361 3481; x_wconf 89' lang='lat' dir='ltr'><strong>esses</strong></span> <span class='ocrx_word' id='word_1_261' title='bbox 376 3420 416 3480; x_wconf 90' lang='lat' dir='ltr'><strong>ad</strong></span> <span class='ocrx_word' id='word_1_262' title='bbox 430 3426 462 3480; x_wconf 89' lang='lat' dir='ltr'><strong>te</strong></span> <span class='ocrx_word' id='word_1_263' title='bbox 477 3420 738 3498; x_wconf 89' lang='lat' dir='ltr'><strong>percucurrissem</strong></span> <span class='ocrx_word' id='word_1_264' title='bbox 759 3425 791 3480; x_wconf 91' lang='lat' dir='ltr'><strong>et</strong></span> <span class='ocrx_word' id='word_1_265' title='bbox 812 3420 870 3479; x_wconf 89' lang='lat' dir='ltr'><strong>hoc</strong></span> <span class='ocrx_word' id='word_1_266' title='bbox 890 3438 910 3480; x_wconf 89' lang='lat' dir='ltr'><strong>a</strong></span> <span class='ocrx_word' id='word_1_267' title='bbox 930 3426 961 3480; x_wconf 86' lang='lat' dir='ltr'><strong>te</strong></span> <span class='ocrx_word' id='word_1_268' title='bbox 983 3438 1130 3496; x_wconf 90' lang='lat' dir='ltr'><strong>praesens</strong></span> <span class='ocrx_word' id='word_1_269' title='bbox 1153 3417 1330 3478; x_wconf 90' lang='lat' dir='ltr'><strong>contendis-</strong></span> 
     </span>
     <span class='ocr_line' id='line_1_31' title="bbox 227 3521 1333 3604; baseline -0.008 -15"><span class='ocrx_word' id='word_1_270' title='bbox 227 3543 258 3589; x_wconf 82' lang='lat'><strong>³0</strong></span> <span class='ocrx_word' id='word_1_271' title='bbox 277 3543 343 3586; x_wconf 91' lang='lat' dir='ltr'><strong>sem</strong></span> <span class='ocrx_word' id='word_1_272' title='bbox 358 3530 451 3604; x_wconf 88' lang='lat' dir='ltr'><strong>atque</strong></span> <span class='ocrx_word' id='word_1_273' title='bbox 467 3525 552 3585; x_wconf 92' lang='lat' dir='ltr'><strong>omni</strong></span> <span class='ocrx_word' id='word_1_274' title='bbox 566 3524 598 3584; x_wconf 91' lang='lat' dir='ltr'><strong>vi</strong></span> <span class='ocrx_word' id='word_1_275' title='bbox 613 3535 645 3584; x_wconf 90' lang='lat' dir='ltr'><strong>te</strong></span> <span class='ocrx_word' id='word_1_276' title='bbox 660 3525 869 3585; x_wconf 88' lang='lat' dir='ltr'><strong>retinuissem.</strong></span> <span class='ocrx_word' id='word_1_277' title='bbox 913 3524 1018 3584; x_wconf 85' lang='lat' dir='ltr'><strong>Etiam</strong></span> <span class='ocrx_word' id='word_1_278' title='bbox 1039 3530 1133 3602; x_wconf 90' lang='lat' dir='ltr'><strong>atque</strong></span> <span class='ocrx_word' id='word_1_279' title='bbox 1155 3523 1260 3598; x_wconf 88' lang='lat' dir='ltr'><strong>etiarn,</strong></span> <span class='ocrx_word' id='word_1_280' title='bbox 1285 3521 1333 3584; x_wconf 84' lang='lat' dir='ltr'><strong>Ci-</strong></span> 
     </span>
     <span class='ocr_line' id='line_1_32' title="bbox 276 3629 1333 3708; baseline -0.004 -17"><span class='ocrx_word' id='word_1_281' title='bbox 276 3649 355 3706; x_wconf 88' lang='lat' dir='ltr'><strong>cero,</strong></span> <span class='ocrx_word' id='word_1_282' title='bbox 381 3631 484 3708; x_wconf 83' lang='lat' dir='ltr'><strong>cogita</strong></span> <span class='ocrx_word' id='word_1_283' title='bbox 509 3649 548 3689; x_wconf 94' lang='lat' dir='ltr'><strong>ne</strong></span> <span class='ocrx_word' id='word_1_284' title='bbox 574 3635 605 3689; x_wconf 87' lang='lat' dir='ltr'><strong>te</strong></span> <span class='ocrx_word' id='word_1_285' title='bbox 629 3635 763 3707; x_wconf 89' lang='lat' dir='ltr'><strong>tuosque</strong></span> <span class='ocrx_word' id='word_1_286' title='bbox 788 3630 889 3690; x_wconf 89' lang='lat' dir='ltr'><strong>omnis</strong></span> <span class='ocrx_word' id='word_1_287' title='bbox 917 3629 1064 3689; x_wconf 85' lang='lat' dir='ltr'><strong>funditus</strong></span> <span class='ocrx_word' id='word_1_288' title='bbox 1087 3634 1218 3703; x_wconf 89' lang='lat' dir='ltr'><strong>evertas,</strong></span> <span class='ocrx_word' id='word_1_289' title='bbox 1239 3645 1280 3687; x_wconf 91' lang='lat' dir='ltr'><strong>ne</strong></span> <span class='ocrx_word' id='word_1_290' title='bbox 1300 3633 1333 3687; x_wconf 90' lang='lat' dir='ltr'><strong>te</strong></span> 
     </span>
     <span class='ocr_line' id='line_1_33' title="bbox 278 3731 1333 3818; baseline -0.004 -22"><span class='ocrx_word' id='word_1_291' title='bbox 278 3735 381 3797; x_wconf 89' lang='lat' dir='ltr'><strong>sciens</strong></span> <span class='ocrx_word' id='word_1_292' title='bbox 403 3736 603 3814; x_wconf 91' lang='lat' dir='ltr'><strong>prudensque</strong></span> <span class='ocrx_word' id='word_1_293' title='bbox 625 3753 661 3795; x_wconf 94' lang='lat' dir='ltr'><strong>eo</strong></span> <span class='ocrx_word' id='word_1_294' title='bbox 682 3734 830 3794; x_wconf 88' lang='lat' dir='ltr'><strong>demittas</strong></span> <span class='ocrx_word' id='word_1_295' title='bbox 853 3735 935 3818; x_wconf 84' lang='lat' dir='ltr'><strong>unde</strong></span> <span class='ocrx_word' id='word_1_296' title='bbox 957 3735 1076 3794; x_wconf 89' lang='lat' dir='ltr'><strong>exitum</strong></span> <span class='ocrx_word' id='word_1_297' title='bbox 1098 3733 1187 3793; x_wconf 85' lang='lat' dir='ltr'><strong>vides</strong></span> <span class='ocrx_word' id='word_1_298' title='bbox 1209 3731 1333 3793; x_wconf 89' lang='lat' dir='ltr'><strong>nullum</strong></span> 
     </span>
    </p>
   </div>
   <div class='ocr_carea' id='block_1_3' title="bbox 0 0 1538 4284">
    <p class='ocr_par' dir='ltr' id='par_1_3' title="bbox 0 0 1538 4284">
     <span class='ocr_line' id='line_1_34' title="bbox 0 0 1538 4284; baseline 0 0"><span class='ocrx_word' id='word_1_299' title='bbox 0 0 1538 4284; x_wconf 95' lang='lat' dir='ltr'><strong> </strong></span> 
     </span>
    </p>
   </div>
  </div>
 </body>
</html>
