3038 4278
256 323 302 391 50
578 333 703 390 namu
728 335 979 392 snnncrrous

257 506 324 568 eius
347 507 410 566 iam
433 506 467 565 in
489 506 702 566 Romanorum
725 515 833 566 essent
854 511 1027 584 potestate:
1050 525 1117 567 eam
1140 512 1240 567 artem
1262 507 1313 567 illi

259 611 326 671 viro
350 612 390 671 ad
414 610 625 671 conciliandos
647 611 768 671 animos
790 629 867 671 esse.
911 612 1023 689 Itaque
1044 630 1109 671 non
1133 631 1195 690 quo
1219 613 1312 672 modo

258 717 433 795 Hispaniae
442 716 574 778 amissae
586 717 651 776 sint
663 717 875 793 quaerendum
887 717 987 793 magis
999 716 1312 793 Carthaginiensibus

258 841 335 898 esse,
351 842 444 900 quarn
462 841 523 900 quo
541 823 635 886 modo
651 823 794 883 Africam
812 822 969 882 retineant
986 823 1196 897 cogitandum.
1238 823 1313 882 Non

223 943 239 990 1
257 928 562 1006 peregrinabundum
584 945 684 1006 neque
705 927 788 988 circa
806 945 953 988 amoenas
974 947 1043 988 oras
1062 934 1229 1004 vagantem
1247 935 1313 988 tan·

257 1039 323 1094 tum
334 1034 444 1094 ducem
456 1035 631 1093 Romanum
641 1032 751 1094 relicta
760 1032 922 1111 provincia
930 1051 1028 1092 novae
1038 1033 1181 1108 dicionis,
1191 1033 1312 1093 relictis

258 1139 456 1214 exercitibus,
472 1139 592 1199 duabus
607 1137 739 1200 navibus
754 1139 788 1198 in
805 1139 948 1198 Africam
962 1137 1123 1198 traiecisse
1142 1144 1175 1198 et
1189 1139 1314 1198 commi-

258 1244 337 1305 sisse
351 1261 418 1305 sese
433 1244 467 1303 in
481 1243 629 1304 hostilem
643 1249 769 1319 terrain,
778 1243 812 1302 in
827 1249 1016 1322 potestatem
1030 1243 1158 1320 regiam,
1169 1243 1203 1302 in
1218 1243 1313 1303 fidem

259 1348 464 1427 inexpertam,
480 1348 535 1408 sed
549 1349 719 1427 potiundae
733 1349 862 1409 Africae
879 1367 963 1426 spem
975 1349 1199 1410 adfectantem.
1243 1349 1313 1408 Hoc

211 1470 328 1514 10011111
354 1454 562 1533 iampridem
589 1454 731 1515 volutare
756 1454 789 1514 in
815 1454 927 1530 animo,
952 1454 1010 1514 hoc
1039 1454 1143 1532 palam
1168 1455 1312 1529 fremere,

259 1560 343 1636 quod
362 1578 425 1618 non
446 1579 539 1636 quem
560 1559 600 1619 ad
622 1560 749 1618 modum
771 1558 933 1619 Hannibal
953 1560 988 1619 in
1009 1559 1116 1635 Italia,
1141 1559 1185 1620 sic
1208 1559 1313 1636 Scipio

259 1663 292 1723 in
306 1664 418 1724 Africa
431 1664 548 1725 bellum
563 1670 693 1740 gereret.
737 1664 843 1742 Scipio
859 1664 985 1724 foedere
1003 1664 1066 1725 icto
1080 1684 1151 1726 cum
1171 1665 1313 1743 Syphace

259 1769 418 1846 profectus
440 1789 478 1828 ex
500 1769 612 1828 Africa
632 1768 798 1846 dubiisque
817 1774 850 1828 et
866 1769 1049 1848 plerumque
1069 1770 1171 1831 saevis
1193 1770 1227 1829 in
1248 1769 1314 1830 alto

259 1872 393 1933 iactatus
407 1873 510 1934 ventis
525 1873 576 1933 die
595 1879 706 1951 quarto
720 1874 829 1933 Novae
844 1874 1044 1950 Carthaginis
1059 1881 1182 1952 portum
1199 1874 1311 1935 tenuit.

392 2062 579 2111 Introduction
593 2062 625 2123 os
634 2061 676 2111 tlte
689 2062 803 2123 worship
817 2062 849 2124 os
857 2063 900 2112 the
915 2066 932 2091 ‘⁸
942 2063 1046 2125 Magno
1060 2062 1179 2112 Muter.”

213 2214 241 2259 15
301 2192 470 2254 Civitatem
498 2211 534 2252 eo
561 2197 700 2270 tempore
728 2207 840 2270 repens
869 2192 979 2267 religio
1008 2193 1166 2253 invaserat
1184 2193 1314 2254 invento

160 2306 164 2315 '
260 2291 397 2359 carmine
410 2298 444 2357 111
459 2297 550 2357 libris
560 2296 726 2375 Sibyllinis
741 2303 868 2375 propter
882 2297 1021 2358 crebrius
1031 2316 1067 2356 eo
1077 2317 1159 2357 anno
1173 2297 1212 2357 de
1227 2298 1313 2358 caelo

260 2403 435 2482 lapidatum
463 2402 623 2480 inspectis,
653 2403 839 2479 quandoque
872 2402 973 2463 hostis
1001 2401 1179 2478 alienigena
1210 2408 1313 2462 terrae

260 2507 373 2568 1101100
395 2506 513 2567 bellum
536 2507 707 2582 intulisset,
732 2526 802 2566 eum
826 2506 903 2585 pelli
925 2506 1022 2567 Italia
1042 2507 1189 2584 vincique
1212 2526 1312 2586 posse,

261 2613 287 2672 si
301 2616 401 2672 mater
415 2611 511 2670 Idaea
525 2629 545 2670 a
561 2611 748 2670 Pessinunte
770 2612 903 2671 Romam
917 2611 1049 2671 advecta
1062 2611 1154 2671 foret.
1197 2613 1314 2672 111001-

212 2733 242 2778 ao
259 2736 331 2777 men
350 2717 390 2776 ab
406 2715 591 2776 decemviris
613 2715 776 2775 inventum
798 2735 834 2775 eo
855 2715 955 2792 magis
976 2722 1081 2794 patres
1100 2716 1206 2792 movit,
1229 2718 1313 2794 quod

260 2827 292 2882 et
319 2821 424 2898 legati,
453 2797 508 2898 dni
535 2821 652 2880 donum
679 2821 820 2899 Delphos
842 2827 1054 2899 portaverant,
1080 2821 1258 2886 referebant
1282 2827 1314 2881 et

261 2925 510 2988 sacrificantibus
533 2926 610 3003 ipsis
635 2926 754 3004 Pythio
776 2925 920 3003 Apollini
947 2926 1031 2986 laeta
1058 2932 1132 2986 exta
1159 2926 1259 2986 fuisse
1282 2933 1315 2986 et

260 3050 444 3109 responsum
461 3031 586 3090 oraculo
603 3031 731 3105 editum,
747 3031 895 3091 maiorem
912 3030 1014 3091 multo
1033 3031 1199 3092 victoriam
1219 3051 1313 3110 quam

260 3137 349 3197 cuius
378 3155 416 3195 ex
444 3135 555 3214 spoliis
583 3137 664 3196 dona
691 3141 853 3214 portarent
882 3137 990 3196 adesse
1018 3136 1135 3215 populo
1162 3137 1313 3197 Romano.

212 3259 241 3302 ae
260 3242 300 3301 In
328 3241 468 3302 eiusdem
493 3242 560 3320 spei
589 3260 741 3302 summam
766 3242 969 3302 conferebant
990 3242 1025 3300 P.
1050 3241 1205 3320 Scipionis
1228 3241 1315 3301 velut

260 3347 508 3425 praesagientem
536 3348 675 3408 animum
700 3348 737 3407 de
765 3347 827 3406 fine
854 3346 939 3422 belli,
969 3347 1052 3425 quod
1080 3347 1315 3425 depoposcisset

260 3452 454 3530 provinciam
472 3453 619 3513 Africam.
663 3454 785 3530 ltaque,
804 3472 866 3531 quo
884 3455 1039 3513 maturius
1060 3453 1146 3527 fatis,
1169 3451 1315 3512 omnibns

262 3557 457 3636 oraculisque
474 3559 690 3637 portendentis
713 3578 780 3619 sese
799 3558 948 3619 victoriae
965 3565 1122 3637 compotes
1141 3558 1261 3633 fierent,
1281 3557 1316 3616 id

260 3663 397 3740 cogitare
409 3669 502 3742 atque
511 3664 630 3740 agitare
640 3681 719 3741 quac
734 3663 815 3724 ratio
826 3665 1085 3742 transportandae
1096 3664 1229 3723 Romam
1238 3663 1315 3723 deae

212 3774 352 3832 coesset.
