3058 4284
538 337 744 395 sxunusr’s
768 337 964 394 currente
1233 324 1277 393 95

222 510 311 589 peria
334 509 487 587 binosque
509 509 716 586 imperatores
741 508 801 569 sibi
827 509 943 584 lecere3
968 527 1004 568 eo
1025 509 1117 568 modo
1138 508 1277 568 minume

222 634 313 693 posse
325 615 481 692 putabant
495 633 551 693 per
565 612 724 674 licentiam
740 613 928 674 insolescere
942 613 1078 674 animum
1094 614 1276 674 humanum.

264 721 326 780 Sed
354 739 391 780 ea
419 725 608 798 tempestate
636 737 763 798 coepere
789 737 821 778 se
846 718 979 795 quisque
1003 717 1103 794 magis
1128 719 1278 779 extollere

223 825 384 902 magisque
401 825 561 901 ingenium
584 823 617 884 in
635 829 785 902 promptu
801 823 923 882 habere.
966 824 1049 882 Nam
1064 824 1189 900 regibus
1205 825 1277 884 boni

222 950 315 1008 quam
338 930 414 990 mali
436 929 642 1007 suspectiores
667 935 751 1004 sunt,
773 947 956 1006 semperque
979 929 1025 988 eis
1050 929 1153 990 aliena
1175 930 1276 989 virtus
1296 941 1311 985 t

222 1035 430 1096 formidulosa
457 1040 514 1095 est.
572 1035 634 1094 Sed
661 1033 773 1094 civitas
805 1033 988 1094 incredibile
1020 1041 1193 1095 memoratu
1228 1041 1277 1095 est

221 1141 336 1218 adepta
370 1140 516 1201 libertate
552 1146 705 1218 quantum
739 1139 827 1199 brevi
857 1139 1006 1199 creverit:
1042 1145 1131 1200 tanta
1163 1141 1276 1218 cupido

222 1245 338 1320 gloriae
359 1244 539 1312 incesserat.
595 1245 663 1304 Iam
686 1243 823 1322 primum
843 1243 1001 1320 iuventus,
1028 1244 1178 1304 simulac
1200 1244 1275 1304 belli

220 1350 344 1427 patiens
366 1355 442 1425 erat,
458 1350 491 1409 in
514 1349 625 1410 castris
647 1368 703 1427 per
721 1349 858 1409 laborem
879 1369 936 1409 usu
956 1349 1103 1409 militiam
1124 1349 1274 1425 discebat,

220 1455 383 1532 magisque
411 1455 445 1514 in
471 1454 591 1515 decoris
617 1455 714 1514 armis
739 1460 771 1514 et
796 1454 986 1514 militaribus
1012 1455 1101 1532 equis
1127 1474 1219 1532 quam
1242 1454 1274 1513 in
1296 1465 1325 1512 10

221 1561 333 1620 scortis
353 1565 447 1637 atque
468 1560 622 1620 conviviis
642 1559 816 1619 lubidinem
831 1560 996 1621 habebant.
1040 1560 1144 1635 Igitur
1158 1559 1275 1620 talibus

219 1664 297 1726 viris
319 1684 382 1724 non
404 1665 491 1725 labor
512 1663 669 1739 insolitus,
684 1683 746 1724 non
766 1665 853 1725 locus
871 1665 957 1725 ullus
975 1683 1066 1742 asper
1085 1672 1140 1725 aut
1159 1665 1275 1726 arduus

220 1776 296 1844 erat,
317 1789 381 1828 non
405 1775 544 1830 armatus
569 1769 671 1830 hostis
693 1769 933 1846 formidulosum
963 1770 1065 1832 virtus
1091 1771 1197 1831 omnia
1224 1771 1276 1830 do-

219 1880 349 1934 muerat.
393 1874 455 1934 Sed
478 1874 595 1949 gloriae
612 1893 792 1935 maxumum
813 1882 971 1936 certamen
989 1876 1071 1936 inter
1088 1877 1173 1954 ipsos
1189 1882 1273 1952 erat3

220 1998 253 2039 se
274 1979 408 2057 quisque
427 1980 550 2038 hostem
570 1979 673 2053 ferire,
693 1999 816 2040 murum
833 1981 1013 2058 'ascendere
1032 1982 1179 2060 conspici,
1199 1983 1275 2042 dum
1295 2006 1323 2051 15

220 2083 284 2144 tale
304 2084 428 2144 facinus
449 2085 577 2159 faceret,
600 2085 803 2163 properabat3
838 2105 891 2147 eas
913 2087 1050 2162 divitias,
1072 2105 1138 2147 eam
1162 2088 1274 2147 bonam

219 2190 337 2250 famam
365 2208 573 2267 magnamque
601 2190 798 2251 nobilitatem
827 2193 988 2269 putabant.
1031 2193 1149 2253 Laudis
1177 2193 1273 2268 avidi,

219 2295 368 2372 pecuniae
378 2294 524 2355 liberales
536 2301 643 2369 erant3
660 2295 791 2372 gloriam
803 2296 972 2372 ingentem,
984 2297 1114 2358 divitias
1125 2298 1275 2359 honestas

220 2401 376 2463 volebant.
417 2401 599 2460 Memorare
612 2419 735 2478 possem
755 2401 870 2479 quibus
888 2402 922 2461 in
938 2402 1015 2463 locis
1030 2422 1193 2464 maxumas
1207 2404 1276 2464 hos-

219 2505 300 2566 tium
325 2505 430 2583 copias
456 2504 593 2583 populus
618 2506 779 2566 Romanus
804 2525 901 2585 parva
925 2527 1019 2567 manu
1044 2509 1174 2584 fuderit,
1196 2528 1274 2587 quas
1292 2531 1322 2576 no

218 2610 306 2670 urbis
321 2611 435 2670 natura
448 2610 587 2670 munitas
602 2611 771 2688 pugnando
782 2612 909 2690 ceperit,
921 2611 954 2671 ni
966 2631 1003 2672 ea
1016 2632 1065 2673 res
1081 2613 1205 2690 longius
1217 2634 1274 2675 nos

220 2715 259 2774 ab
273 2715 399 2794 incepto
413 2714 561 2775 traheret.

261 2820 322 2881 Sed
336 2819 478 2897 profecto
488 2820 618 2880 fortuna
632 2820 762 2880 inomni
776 2840 809 2880 re
821 2821 1015 2898 dominatur;
1038 2842 1075 2883 ea
1085 2842 1135 2884 res
1147 2830 1274 2886 cunctas

219 2944 258 2986 ex
273 2925 414 2985 lubidine
450 2925 551 3002 magis
583 2945 678 3002 quarn
713 2946 753 2986 ex
783 2945 858 2986 vero
889 2927 1026 2988 celebrat
1057 2929 1272 3007 obscuratque.

221 3030 462 3091 Atheniensium
484 3049 533 3090 res
555 3036 671 3106 gestae,
693 3031 786 3092 sicuti
808 3051 864 3109 ego
885 3039 1035 3108 aestumc‚
1053 3034 1130 3095 satis
1152 3036 1275 3114 amplae
1293 3055 1322 3101 ac

220 3135 463 3214 magnificaeque
480 3136 579 3210 fuere,
596 3155 703 3197 verum
722 3138 884 3216 aliquanto
904 3139 1040 3200 minores
1058 3147 1165 3201 tamen
1180 3161 1275 3220 quam

220 3241 306 3302 fama
326 3241 481 3300 feruntur.
526 3243 589 3302 Sed
609 3243 685 3321 quia
705 3263 875 3322 provenere
895 3245 940 3305 ibi
958 3247 1145 3324 scriptorum
1162 3266 1274 3323 magna

219 3345 353 3422 ingenia,
370 3365 425 3425 per
446 3353 601 3409 terrarum
623 3350 728 3410 orbem
750 3351 993 3413 Atheniensium
1010 3355 1096 3414 facta
1115 3373 1173 3432 pro
1191 3373 1275 3413 max·

219 3453 303 3512 umis
328 3451 533 3513 celebrantur.
577 3455 630 3515 Ita
657 3475 763 3516 eorum
789 3459 843 3535 qui
868 3477 905 3518 ea
928 3459 1030 3520 fecere
1056 3461 1158 3521 virtus
1186 3465 1276 3520 tanta

219 3558 363 3635 habetur,
393 3566 546 3637 quantum
574 3579 611 3620 ea
638 3561 742 3622 verbis
770 3569 899 3641 potuere
932 3565 1083 3626 extollere
1116 3564 1276 3644 praeclara
1294 3583 1323 3628 30

219 3665 354 3740 ingenia
397 3665 442 3724 At
460 3665 575 3742 populo
595 3666 736 3727 Romano
757 3688 926 3747 numquam
950 3689 986 3730 ea
1007 3671 1097 3748 copia
1114 3670 1185 3744 fuit,
1201 3669 1276 3747 quia

220 3769 495 3848 prudentissumus
515 3770 647 3849 quisque
665 3791 810 3833 maxume
828 3775 1008 3850 negotiosus
1023 3780 1098 3849 erat,
1114 3774 1275 3850 ingenium
