<?xml version="1.0" encoding="UTF-8"?>
<!DOCTYPE html PUBLIC "-//W3C//DTD XHTML 1.0 Transitional//EN"
    "http://www.w3.org/TR/xhtml1/DTD/xhtml1-transitional.dtd">
<html xmlns="http://www.w3.org/1999/xhtml" xml:lang="en" lang="en">
 <head>
  <title>
</title>
<meta http-equiv="Content-Type" content="text/html;charset=utf-8" />
  <meta name='ocr-system' content='tesseract 3.04.00' />
  <meta name='ocr-capabilities' content='ocr_page ocr_carea ocr_par ocr_line ocrx_word'/>
</head>
<body>
  <div class='ocr_page' id='page_1' title='image "./selectionsfromr00miergoog_0138.png"; bbox 0 0 3058 4284; ppageno 0'>
   <div class='ocr_carea' id='block_1_1' title="bbox 550 269 1269 338">
    <p class='ocr_par' dir='ltr' id='par_1_1' title="bbox 550 269 1269 338">
     <span class='ocr_line' id='line_1_1' title="bbox 550 269 1269 338; baseline -0.001 0"><span class='ocrx_word' id='word_1_1' title='bbox 550 281 735 338; x_wconf 80' lang='lat' dir='ltr'>croceos</span> <span class='ocrx_word' id='word_1_2' title='bbox 759 281 941 336; x_wconf 76' lang='lat' dir='ltr'>narrans</span> <span class='ocrx_word' id='word_1_3' title='bbox 1204 269 1269 337; x_wconf 85' lang='lat'>123</span> 
     </span>
    </p>
   </div>
   <div class='ocr_carea' id='block_1_2' title="bbox 216 452 1305 952">
    <p class='ocr_par' dir='ltr' id='par_1_2' title="bbox 216 452 1305 952">
     <span class='ocr_line' id='line_1_2' title="bbox 218 452 1271 534; baseline -0.005 -18"><span class='ocrx_word' id='word_1_4' title='bbox 218 455 336 534; x_wconf 89' lang='lat' dir='ltr'>scripto</span> <span class='ocrx_word' id='word_1_5' title='bbox 357 454 403 514; x_wconf 89' lang='lat' dir='ltr'>ita</span> <span class='ocrx_word' id='word_1_6' title='bbox 424 453 548 513; x_wconf 83' lang='lat' dir='ltr'>dixerat</span> <span class='ocrx_word' id='word_1_7' title='bbox 569 458 605 512; x_wconf 90' lang='lat' dir='ltr'>nt</span> <span class='ocrx_word' id='word_1_8' title='bbox 626 457 724 512; x_wconf 89' lang='lat' dir='ltr'>totam</span> <span class='ocrx_word' id='word_1_9' title='bbox 746 457 883 512; x_wconf 88' lang='lat' dir='ltr'>nostram</span> <span class='ocrx_word' id='word_1_10' title='bbox 905 470 1031 512; x_wconf 86' lang='lat' dir='ltr'>causam</span> <span class='ocrx_word' id='word_1_11' title='bbox 1049 470 1148 528; x_wconf 87' lang='lat' dir='ltr'>areae,</span> <span class='ocrx_word' id='word_1_12' title='bbox 1169 452 1271 513; x_wconf 91' lang='lat' dir='ltr'>incen-</span> 
     </span>
     <span class='ocr_line' id='line_1_3' title="bbox 216 536 1272 638; baseline -0.002 -18"><span class='ocrx_word' id='word_1_13' title='bbox 216 536 348 636; x_wconf 88' lang='lat' dir='ltr'>diorum,</span> <span class='ocrx_word' id='word_1_14' title='bbox 370 557 504 638; x_wconf 89' lang='lat' dir='ltr'>periculi</span> <span class='ocrx_word' id='word_1_15' title='bbox 525 559 594 622; x_wconf 75' lang='lat' dir='ltr'>mei,</span> <span class='ocrx_word' id='word_1_16' title='bbox 608 557 724 617; x_wconf 90' lang='lat' dir='ltr'>iudicio</span> <span class='ocrx_word' id='word_1_17' title='bbox 752 557 1011 636; x_wconf 82' lang='lat' dir='ltr'><strong>complecteretur</strong></span> <span class='ocrx_word' id='word_1_18' title='bbox 1039 575 1137 636; x_wconf 85' lang='lat' dir='ltr'>eaque</span> <span class='ocrx_word' id='word_1_19' title='bbox 1166 558 1272 618; x_wconf 93' lang='lat' dir='ltr'>omnia</span> 
     </span>
     <span class='ocr_line' id='line_1_4' title="bbox 217 662 1271 741; baseline -0.003 -15"><span class='ocrx_word' id='word_1_20' title='bbox 217 665 353 726; x_wconf 90' lang='lat' dir='ltr'>comitiis</span> <span class='ocrx_word' id='word_1_21' title='bbox 368 664 549 738; x_wconf 79' lang='lat' dir='ltr'>anteferret,</span> <span class='ocrx_word' id='word_1_22' title='bbox 566 663 751 741; x_wconf 79' lang='lat' dir='ltr'>proscripsit</span> <span class='ocrx_word' id='word_1_23' title='bbox 763 681 796 722; x_wconf 88' lang='lat' dir='ltr'>se</span> <span class='ocrx_word' id='word_1_24' title='bbox 810 681 865 740; x_wconf 90' lang='lat' dir='ltr'>per</span> <span class='ocrx_word' id='word_1_25' title='bbox 880 681 986 723; x_wconf 90' lang='lat' dir='ltr'>omnes</span> <span class='ocrx_word' id='word_1_26' title='bbox 1008 662 1076 724; x_wconf 91' lang='lat' dir='ltr'>dies</span> <span class='ocrx_word' id='word_1_27' title='bbox 1097 663 1271 723; x_wconf 82' lang='lat' dir='ltr'>comitiales</span> 
     </span>
     <span class='ocr_line' id='line_1_5' title="bbox 217 767 1272 844; baseline -0.003 -13"><span class='ocrx_word' id='word_1_28' title='bbox 217 771 256 831; x_wconf 88' lang='lat' dir='ltr'>de</span> <span class='ocrx_word' id='word_1_29' title='bbox 284 771 370 830; x_wconf 92' lang='lat' dir='ltr'>caelo</span> <span class='ocrx_word' id='word_1_30' title='bbox 398 773 605 830; x_wconf 87' lang='lat' dir='ltr'>servaturum.</span> <span class='ocrx_word' id='word_1_31' title='bbox 649 767 818 828; x_wconf 86' lang='lat' dir='ltr'>Contiones</span> <span class='ocrx_word' id='word_1_32' title='bbox 840 767 1039 828; x_wconf 85' lang='lat' dir='ltr'>turbulentae</span> <span class='ocrx_word' id='word_1_33' title='bbox 1067 767 1200 844; x_wconf 89' lang='lat' dir='ltr'>Metelli,</span> <span class='ocrx_word' id='word_1_34' title='bbox 1229 775 1272 828; x_wconf 80' lang='lat' dir='ltr'>te</span> 
     </span>
     <span class='ocr_line' id='line_1_6' title="bbox 217 872 1305 952; baseline 0 -16"><span class='ocrx_word' id='word_1_35' title='bbox 217 875 367 936; x_wconf 89' lang='lat' dir='ltr'>merariae</span> <span class='ocrx_word' id='word_1_36' title='bbox 385 874 481 952; x_wconf 87' lang='lat' dir='ltr'>Appi,</span> <span class='ocrx_word' id='word_1_37' title='bbox 503 873 732 933; x_wconf 82' lang='lat' dir='ltr'>furiosissimae</span> <span class='ocrx_word' id='word_1_38' title='bbox 754 872 858 932; x_wconf 89' lang='lat' dir='ltr'>Publi.</span> <span class='ocrx_word' id='word_1_39' title='bbox 901 873 989 932; x_wconf 90' lang='lat' dir='ltr'>Haec</span> <span class='ocrx_word' id='word_1_40' title='bbox 1011 879 1118 933; x_wconf 87' lang='lat' dir='ltr'>tamen</span> <span class='ocrx_word' id='word_1_41' title='bbox 1139 891 1305 950; x_wconf 73' lang='lat' dir='ltr'>summac</span> 
     </span>
    </p>
   </div>
   <div class='ocr_carea' id='block_1_3' title="bbox 103 957 1271 1058">
    <p class='ocr_par' dir='ltr' id='par_1_3' title="bbox 103 957 1271 1058">
     <span class='ocr_line' id='line_1_7' title="bbox 103 957 1271 1058; baseline -0.002 -18"><span class='ocrx_word' id='word_1_42' title='bbox 103 995 106 1002; x_wconf 63' lang='lat'><strong>⁴</strong></span> <span class='ocrx_word' id='word_1_43' title='bbox 216 981 279 1042; x_wconf 90' lang='lat' dir='ltr'>nisi</span> <span class='ocrx_word' id='word_1_44' title='bbox 294 981 374 1040; x_wconf 94' lang='lat' dir='ltr'>Milo</span> <span class='ocrx_word' id='word_1_45' title='bbox 388 981 422 1038; x_wconf 93' lang='lat' dir='ltr'>in</span> <span class='ocrx_word' id='word_1_46' title='bbox 434 998 544 1058; x_wconf 90' lang='lat' dir='ltr'>campo</span> <span class='ocrx_word' id='word_1_47' title='bbox 555 977 782 1053; x_wconf 85' lang='lat' dir='ltr'>obnuntiasset,</span> <span class='ocrx_word' id='word_1_48' title='bbox 794 957 922 1037; x_wconf 87' lang='lat' dir='ltr'>comitia</span> <span class='ocrx_word' id='word_1_49' title='bbox 933 978 1048 1038; x_wconf 84' lang='lat' dir='ltr'>futura.</span> <span class='ocrx_word' id='word_1_50' title='bbox 1091 977 1176 1039; x_wconf 81' lang='lat' dir='ltr'>Ante</span> <span class='ocrx_word' id='word_1_51' title='bbox 1187 979 1271 1039; x_wconf 89' lang='lat' dir='ltr'>diem</span> 
     </span>
    </p>
   </div>
   <div class='ocr_carea' id='block_1_4' title="bbox 208 1083 1377 3774">
    <p class='ocr_par' dir='ltr' id='par_1_4' title="bbox 216 1083 1377 2407">
     <span class='ocr_line' id='line_1_8' title="bbox 217 1083 1272 1160; baseline -0.001 -15"><span class='ocrx_word' id='word_1_52' title='bbox 217 1105 269 1145; x_wconf 83' lang='lat' dir='ltr'>xrr</span> <span class='ocrx_word' id='word_1_53' title='bbox 288 1085 361 1146; x_wconf 88' lang='lat' dir='ltr'>Kal.</span> <span class='ocrx_word' id='word_1_54' title='bbox 382 1085 544 1145; x_wconf 90' lang='lat' dir='ltr'>Decembr.</span> <span class='ocrx_word' id='word_1_55' title='bbox 568 1084 648 1143; x_wconf 92' lang='lat' dir='ltr'>Milo</span> <span class='ocrx_word' id='word_1_56' title='bbox 670 1088 743 1143; x_wconf 89' lang='lat' dir='ltr'>ante</span> <span class='ocrx_word' id='word_1_57' title='bbox 763 1083 899 1145; x_wconf 91' lang='lat' dir='ltr'>mediam</span> <span class='ocrx_word' id='word_1_58' title='bbox 921 1089 1044 1143; x_wconf 90' lang='lat' dir='ltr'>noctem</span> <span class='ocrx_word' id='word_1_59' title='bbox 1066 1102 1136 1143; x_wconf 90' lang='lat' dir='ltr'>cum</span> <span class='ocrx_word' id='word_1_60' title='bbox 1159 1103 1272 1160; x_wconf 83' lang='lat' dir='ltr'>magna</span> 
     </span>
     <span class='ocr_line' id='line_1_9' title="bbox 217 1170 1271 1268; baseline -0.002 -18"><span class='ocrx_word' id='word_1_61' title='bbox 217 1170 312 1250; x_wconf 87' lang='lat' dir='ltr'>manu</span> <span class='ocrx_word' id='word_1_62' title='bbox 328 1191 362 1249; x_wconf 91' lang='lat' dir='ltr'>in</span> <span class='ocrx_word' id='word_1_63' title='bbox 381 1209 525 1268; x_wconf 90' lang='lat' dir='ltr'>campum</span> <span class='ocrx_word' id='word_1_64' title='bbox 545 1189 641 1249; x_wconf 90' lang='lat' dir='ltr'>venit.</span> <span class='ocrx_word' id='word_1_65' title='bbox 685 1187 815 1250; x_wconf 82' lang='lat' dir='ltr'>Clodius</span> <span class='ocrx_word' id='word_1_66' title='bbox 829 1207 901 1248; x_wconf 91' lang='lat' dir='ltr'>curn</span> <span class='ocrx_word' id='word_1_67' title='bbox 915 1188 1045 1249; x_wconf 88' lang='lat' dir='ltr'>haberet</span> <span class='ocrx_word' id='word_1_68' title='bbox 1064 1189 1271 1266; x_wconf 84' lang='lat' dir='ltr'>fugitivorum</span> 
     </span>
     <span class='ocr_line' id='line_1_10' title="bbox 218 1274 1273 1374; baseline -0.002 -18"><span class='ocrx_word' id='word_1_69' title='bbox 218 1297 355 1357; x_wconf 87' lang='lat' dir='ltr'>delectas</span> <span class='ocrx_word' id='word_1_70' title='bbox 377 1296 492 1374; x_wconf 90' lang='lat' dir='ltr'>copias,</span> <span class='ocrx_word' id='word_1_71' title='bbox 515 1295 549 1354; x_wconf 93' lang='lat' dir='ltr'>in</span> <span class='ocrx_word' id='word_1_72' title='bbox 570 1313 713 1371; x_wconf 90' lang='lat' dir='ltr'>campum</span> <span class='ocrx_word' id='word_1_73' title='bbox 737 1293 782 1353; x_wconf 90' lang='lat' dir='ltr'>ire</span> <span class='ocrx_word' id='word_1_74' title='bbox 804 1312 866 1353; x_wconf 87' lang='lat' dir='ltr'>non</span> <span class='ocrx_word' id='word_1_75' title='bbox 888 1301 937 1354; x_wconf 87' lang='lat' dir='ltr'>est</span> <span class='ocrx_word' id='word_1_76' title='bbox 958 1313 1061 1354; x_wconf 91' lang='lat' dir='ltr'>ausus.</span> <span class='ocrx_word' id='word_1_77' title='bbox 1106 1295 1185 1354; x_wconf 94' lang='lat' dir='ltr'>Milo</span> <span class='ocrx_word' id='word_1_78' title='bbox 1206 1274 1273 1372; x_wconf 83' lang='lat' dir='ltr'>per-</span> 
     </span>
     <span class='ocr_line' id='line_1_11' title="bbox 218 1399 1319 1462; baseline -0.002 -2"><span class='ocrx_word' id='word_1_79' title='bbox 218 1401 335 1462; x_wconf 90' lang='lat' dir='ltr'>mansit</span> <span class='ocrx_word' id='word_1_80' title='bbox 349 1403 389 1462; x_wconf 87' lang='lat' dir='ltr'>ad</span> <span class='ocrx_word' id='word_1_81' title='bbox 405 1400 565 1460; x_wconf 88' lang='lat' dir='ltr'>meridiem</span> <span class='ocrx_word' id='word_1_82' title='bbox 580 1399 713 1459; x_wconf 90' lang='lat' dir='ltr'>mirifica</span> <span class='ocrx_word' id='word_1_83' title='bbox 727 1399 891 1458; x_wconf 91' lang='lat' dir='ltr'>hominum</span> <span class='ocrx_word' id='word_1_84' title='bbox 911 1399 1036 1459; x_wconf 91' lang='lat' dir='ltr'>laetitia</span> <span class='ocrx_word' id='word_1_85' title='bbox 1057 1418 1180 1460; x_wconf 91' lang='lat' dir='ltr'>summa</span> <span class='ocrx_word' id='word_1_86' title='bbox 1200 1419 1271 1460; x_wconf 86' lang='lat' dir='ltr'>eum</span> <span class='ocrx_word' id='word_1_87' title='bbox 1292 1413 1319 1458; x_wconf 86' lang='lat' dir='ltr'>rc</span> 
     </span>
     <span class='ocr_line' id='line_1_12' title="bbox 217 1504 1272 1583; baseline -0.001 -18"><span class='ocrx_word' id='word_1_88' title='bbox 217 1507 326 1583; x_wconf 88' lang='lat' dir='ltr'>gloria.</span> <span class='ocrx_word' id='word_1_89' title='bbox 369 1505 537 1566; x_wconf 86' lang='lat' dir='ltr'>(lontentio</span> <span class='ocrx_word' id='word_1_90' title='bbox 565 1505 700 1571; x_wconf 87' lang='lat' dir='ltr'>fratrum</span> <span class='ocrx_word' id='word_1_91' title='bbox 728 1504 825 1564; x_wconf 89' lang='lat' dir='ltr'>trium</span> <span class='ocrx_word' id='word_1_92' title='bbox 851 1505 965 1583; x_wconf 91' lang='lat' dir='ltr'>turpis,</span> <span class='ocrx_word' id='word_1_93' title='bbox 993 1505 1096 1566; x_wconf 80' lang='lat' dir='ltr'>fracta</span> <span class='ocrx_word' id='word_1_94' title='bbox 1120 1505 1179 1581; x_wconf 82' lang='lat' dir='ltr'>vis,</span> <span class='ocrx_word' id='word_1_95' title='bbox 1204 1524 1272 1565; x_wconf 90' lang='lat' dir='ltr'>con·</span> 
     </span>
     <span class='ocr_line' id='line_1_13' title="bbox 216 1609 1271 1689; baseline 0 -19"><span class='ocrx_word' id='word_1_96' title='bbox 216 1616 356 1689; x_wconf 89' lang='lat' dir='ltr'>tcmptus</span> <span class='ocrx_word' id='word_1_97' title='bbox 372 1611 467 1670; x_wconf 84' lang='lat' dir='ltr'>furor.</span> <span class='ocrx_word' id='word_1_98' title='bbox 510 1609 659 1670; x_wconf 88' lang='lat' dir='ltr'>Metellus</span> <span class='ocrx_word' id='word_1_99' title='bbox 671 1615 776 1669; x_wconf 87' lang='lat' dir='ltr'>tamen</span> <span class='ocrx_word' id='word_1_100' title='bbox 790 1610 932 1688; x_wconf 90' lang='lat' dir='ltr'>postulat</span> <span class='ocrx_word' id='word_1_101' title='bbox 946 1615 982 1669; x_wconf 89' lang='lat' dir='ltr'>ut</span> <span class='ocrx_word' id='word_1_102' title='bbox 997 1611 1058 1671; x_wconf 92' lang='lat' dir='ltr'>sibi</span> <span class='ocrx_word' id='word_1_103' title='bbox 1077 1616 1203 1688; x_wconf 88' lang='lat' dir='ltr'>postero</span> <span class='ocrx_word' id='word_1_104' title='bbox 1220 1611 1271 1670; x_wconf 91' lang='lat' dir='ltr'>die</span> 
     </span>
     <span class='ocr_line' id='line_1_14' title="bbox 217 1714 1272 1793; baseline 0.001 -18"><span class='ocrx_word' id='word_1_105' title='bbox 217 1716 249 1775; x_wconf 91' lang='lat' dir='ltr'>in</span> <span class='ocrx_word' id='word_1_106' title='bbox 264 1717 334 1776; x_wconf 88' lang='lat' dir='ltr'>foro</span> <span class='ocrx_word' id='word_1_107' title='bbox 348 1715 568 1790; x_wconf 82' lang='lat' dir='ltr'>obnuntietur3</span> <span class='ocrx_word' id='word_1_108' title='bbox 590 1714 670 1773; x_wconf 90' lang='lat' dir='ltr'>nihil</span> <span class='ocrx_word' id='word_1_109' title='bbox 694 1732 762 1775; x_wconf 89' lang='lat' dir='ltr'>csse</span> <span class='ocrx_word' id='word_1_110' title='bbox 784 1715 869 1791; x_wconf 92' lang='lat' dir='ltr'>quod</span> <span class='ocrx_word' id='word_1_111' title='bbox 891 1715 924 1774; x_wconf 90' lang='lat' dir='ltr'>in</span> <span class='ocrx_word' id='word_1_112' title='bbox 945 1734 1090 1793; x_wconf 92' lang='lat' dir='ltr'>campum</span> <span class='ocrx_word' id='word_1_113' title='bbox 1110 1721 1201 1776; x_wconf 88' lang='lat' dir='ltr'>nocte</span> <span class='ocrx_word' id='word_1_114' title='bbox 1223 1735 1272 1776; x_wconf 90' lang='lat' dir='ltr'>ve-</span> 
     </span>
     <span class='ocr_line' id='line_1_15' title="bbox 216 1819 1271 1898; baseline 0 -18"><span class='ocrx_word' id='word_1_115' title='bbox 216 1821 351 1896; x_wconf 63' lang='lat' dir='ltr'>niretur-3</span> <span class='ocrx_word' id='word_1_116' title='bbox 368 1840 400 1882; x_wconf 89' lang='lat' dir='ltr'>se</span> <span class='ocrx_word' id='word_1_117' title='bbox 412 1821 489 1880; x_wconf 87' lang='lat' dir='ltr'>hora</span> <span class='ocrx_word' id='word_1_118' title='bbox 503 1821 604 1898; x_wconf 89' lang='lat' dir='ltr'>prima</span> <span class='ocrx_word' id='word_1_119' title='bbox 619 1820 652 1878; x_wconf 92' lang='lat' dir='ltr'>in</span> <span class='ocrx_word' id='word_1_120' title='bbox 667 1819 795 1878; x_wconf 90' lang='lat' dir='ltr'>comitio</span> <span class='ocrx_word' id='word_1_121' title='bbox 810 1819 886 1878; x_wconf 85' lang='lat' dir='ltr'>fore.</span> <span class='ocrx_word' id='word_1_122' title='bbox 929 1819 1043 1898; x_wconf 88' lang='lat' dir='ltr'>Itaque</span> <span class='ocrx_word' id='word_1_123' title='bbox 1056 1821 1224 1880; x_wconf 86' lang='lat' dir='ltr'>antediem</span> <span class='ocrx_word' id='word_1_124' title='bbox 1234 1840 1271 1880; x_wconf 84' lang='lat' dir='ltr'>xr</span> 
     </span>
     <span class='ocr_line' id='line_1_16' title="bbox 217 1923 1319 2003; baseline 0.001 -17"><span class='ocrx_word' id='word_1_125' title='bbox 217 1927 290 1986; x_wconf 89' lang='lat' dir='ltr'>Kal.</span> <span class='ocrx_word' id='word_1_126' title='bbox 307 1926 340 1985; x_wconf 92' lang='lat' dir='ltr'>in</span> <span class='ocrx_word' id='word_1_127' title='bbox 355 1925 517 1986; x_wconf 89' lang='lat' dir='ltr'>comitium</span> <span class='ocrx_word' id='word_1_128' title='bbox 533 1923 612 1984; x_wconf 92' lang='lat' dir='ltr'>Milo</span> <span class='ocrx_word' id='word_1_129' title='bbox 627 1925 666 1984; x_wconf 92' lang='lat' dir='ltr'>de</span> <span class='ocrx_word' id='word_1_130' title='bbox 680 1929 771 1984; x_wconf 87' lang='lat' dir='ltr'>nocte</span> <span class='ocrx_word' id='word_1_131' title='bbox 788 1925 882 1984; x_wconf 86' lang='lat' dir='ltr'>venit.</span> <span class='ocrx_word' id='word_1_132' title='bbox 926 1924 1076 1985; x_wconf 89' lang='lat' dir='ltr'>Metellus</span> <span class='ocrx_word' id='word_1_133' title='bbox 1088 1943 1156 1985; x_wconf 91' lang='lat' dir='ltr'>curn</span> <span class='ocrx_word' id='word_1_134' title='bbox 1170 1927 1272 2003; x_wconf 90' lang='lat' dir='ltr'>prima</span> <span class='ocrx_word' id='word_1_135' title='bbox 1291 1943 1319 1987; x_wconf 78' lang='lat'>15</span> 
     </span>
     <span class='ocr_line' id='line_1_17' title="bbox 217 2029 1346 2116; baseline 0.003 -26"><span class='ocrx_word' id='word_1_136' title='bbox 217 2032 285 2092; x_wconf 92' lang='lat' dir='ltr'>luce</span> <span class='ocrx_word' id='word_1_137' title='bbox 310 2031 421 2091; x_wconf 84' lang='lat' dir='ltr'>furtim</span> <span class='ocrx_word' id='word_1_138' title='bbox 445 2031 479 2089; x_wconf 87' lang='lat' dir='ltr'>in</span> <span class='ocrx_word' id='word_1_139' title='bbox 503 2048 647 2107; x_wconf 89' lang='lat' dir='ltr'>campum</span> <span class='ocrx_word' id='word_1_140' title='bbox 672 2029 840 2090; x_wconf 86' lang='lat' dir='ltr'>itineribus</span> <span class='ocrx_word' id='word_1_141' title='bbox 866 2049 961 2108; x_wconf 88' lang='lat' dir='ltr'>prope</span> <span class='ocrx_word' id='word_1_142' title='bbox 984 2030 1086 2090; x_wconf 80' lang='lat' dir='ltr'>deviis</span> <span class='ocrx_word' id='word_1_143' title='bbox 1111 2032 1270 2108; x_wconf 76' lang='lat' dir='ltr'>currebat,</span> <span class='ocrx_word' id='word_1_144' title='bbox 1341 2106 1346 2116; x_wconf 89' lang='lat'>.</span> 
     </span>
     <span class='ocr_line' id='line_1_18' title="bbox 216 2134 1271 2214; baseline -0.001 -17"><span class='ocrx_word' id='word_1_145' title='bbox 216 2137 400 2214; x_wconf 87' lang='lat' dir='ltr'>adsequitur</span> <span class='ocrx_word' id='word_1_146' title='bbox 428 2135 511 2196; x_wconf 84' lang='lat' dir='ltr'>inter</span> <span class='ocrx_word' id='word_1_147' title='bbox 537 2135 622 2196; x_wconf 90' lang='lat' dir='ltr'>vicos</span> <span class='ocrx_word' id='word_1_148' title='bbox 644 2134 803 2195; x_wconf 91' lang='lat' dir='ltr'>hominem</span> <span class='ocrx_word' id='word_1_149' title='bbox 825 2135 913 2210; x_wconf 86' lang='lat' dir='ltr'>Mile,</span> <span class='ocrx_word' id='word_1_150' title='bbox 935 2135 1110 2196; x_wconf 87' lang='lat' dir='ltr'>obnuntiat.</span> <span class='ocrx_word' id='word_1_151' title='bbox 1155 2137 1218 2196; x_wconf 89' lang='lat' dir='ltr'>Ille</span> <span class='ocrx_word' id='word_1_152' title='bbox 1238 2156 1271 2197; x_wconf 94' lang='lat' dir='ltr'>se</span> 
     </span>
     <span class='ocr_line' id='line_1_19' title="bbox 217 2240 1377 2319; baseline 0.003 -19"><span class='ocrx_word' id='word_1_153' title='bbox 217 2242 334 2319; x_wconf 89' lang='lat' dir='ltr'>recepit</span> <span class='ocrx_word' id='word_1_154' title='bbox 361 2260 476 2317; x_wconf 88' lang='lat' dir='ltr'>magno</span> <span class='ocrx_word' id='word_1_155' title='bbox 504 2246 535 2300; x_wconf 87' lang='lat' dir='ltr'>et</span> <span class='ocrx_word' id='word_1_156' title='bbox 557 2240 643 2317; x_wconf 91' lang='lat' dir='ltr'>turpi</span> <span class='ocrx_word' id='word_1_157' title='bbox 664 2240 698 2310; x_wconf 80' lang='lat' dir='ltr'>Q.</span> <span class='ocrx_word' id='word_1_158' title='bbox 722 2240 826 2300; x_wconf 87' lang='lat' dir='ltr'>Flacci</span> <span class='ocrx_word' id='word_1_159' title='bbox 847 2240 996 2300; x_wconf 88' lang='lat' dir='ltr'>convicio.</span> <span class='ocrx_word' id='word_1_160' title='bbox 1039 2241 1124 2302; x_wconf 87' lang='lat' dir='ltr'>Ante</span> <span class='ocrx_word' id='word_1_161' title='bbox 1145 2242 1227 2302; x_wconf 89' lang='lat' dir='ltr'>diem</span> <span class='ocrx_word' id='word_1_162' title='bbox 1250 2263 1271 2302; x_wconf 86' lang='lat' dir='ltr'>x</span> <span class='ocrx_word' id='word_1_163' title='bbox 1374 2287 1377 2294; x_wconf 34' lang='lat' dir='ltr'>r</span> 
     </span>
     <span class='ocr_line' id='line_1_20' title="bbox 217 2345 852 2407; baseline -0.005 -1"><span class='ocrx_word' id='word_1_164' title='bbox 217 2347 290 2407; x_wconf 89' lang='lat' dir='ltr'>Kal.</span> <span class='ocrx_word' id='word_1_165' title='bbox 307 2347 474 2406; x_wconf 50' lang='lat' dir='ltr'>nundinae,</span> <span class='ocrx_word' id='word_1_166' title='bbox 518 2345 630 2406; x_wconf 87' lang='lat' dir='ltr'>Contio</span> <span class='ocrx_word' id='word_1_167' title='bbox 643 2345 741 2406; x_wconf 90' lang='lat' dir='ltr'>biduo</span> <span class='ocrx_word' id='word_1_168' title='bbox 754 2345 852 2406; x_wconf 89' lang='lat' dir='ltr'>nulla.</span> 
     </span>
    </p>

    <p class='ocr_par' dir='ltr' id='par_1_5' title="bbox 208 2449 1318 3479">
     <span class='ocr_line' id='line_1_21' title="bbox 208 2449 1318 2526; baseline 0.006 -15"><span class='ocrx_word' id='word_1_169' title='bbox 208 2486 211 2492; x_wconf 77' lang='lat'><em>‚</em></span> <span class='ocrx_word' id='word_1_170' title='bbox 257 2453 341 2512; x_wconf 89' lang='lat' dir='ltr'>Ante</span> <span class='ocrx_word' id='word_1_171' title='bbox 356 2452 439 2511; x_wconf 91' lang='lat' dir='ltr'>diem</span> <span class='ocrx_word' id='word_1_172' title='bbox 454 2469 519 2510; x_wconf 87' lang='lat' dir='ltr'>vrrr</span> <span class='ocrx_word' id='word_1_173' title='bbox 534 2449 607 2510; x_wconf 89' lang='lat' dir='ltr'>Kal.</span> <span class='ocrx_word' id='word_1_174' title='bbox 623 2450 699 2510; x_wconf 91' lang='lat' dir='ltr'>haec</span> <span class='ocrx_word' id='word_1_175' title='bbox 714 2469 770 2526; x_wconf 86' lang='lat' dir='ltr'>ego</span> <span class='ocrx_word' id='word_1_176' title='bbox 786 2451 959 2510; x_wconf 82' lang='lat' dir='ltr'>scribebam</span> <span class='ocrx_word' id='word_1_177' title='bbox 973 2452 1051 2511; x_wconf 91' lang='lat' dir='ltr'>hora</span> <span class='ocrx_word' id='word_1_178' title='bbox 1064 2452 1164 2514; x_wconf 90' lang='lat' dir='ltr'>noctis</span> <span class='ocrx_word' id='word_1_179' title='bbox 1179 2471 1269 2513; x_wconf 86' lang='lat' dir='ltr'>nona.</span> <span class='ocrx_word' id='word_1_180' title='bbox 1289 2469 1318 2518; x_wconf 76' lang='lat'>20</span> 
     </span>
     <span class='ocr_line' id='line_1_22' title="bbox 217 2555 1270 2634; baseline 0 -18"><span class='ocrx_word' id='word_1_181' title='bbox 217 2557 296 2616; x_wconf 93' lang='lat' dir='ltr'>Milo</span> <span class='ocrx_word' id='word_1_182' title='bbox 310 2575 453 2634; x_wconf 88' lang='lat' dir='ltr'>eampum</span> <span class='ocrx_word' id='word_1_183' title='bbox 469 2556 532 2616; x_wconf 91' lang='lat' dir='ltr'>iam</span> <span class='ocrx_word' id='word_1_184' title='bbox 547 2556 683 2616; x_wconf 84' lang='lat' dir='ltr'>tenebat.</span> <span class='ocrx_word' id='word_1_185' title='bbox 725 2555 896 2615; x_wconf 83' lang='lat' dir='ltr'>Marcellus</span> <span class='ocrx_word' id='word_1_186' title='bbox 918 2556 1103 2618; x_wconf 89' lang='lat' dir='ltr'>candidatus</span> <span class='ocrx_word' id='word_1_187' title='bbox 1125 2558 1172 2618; x_wconf 91' lang='lat' dir='ltr'>ita</span> <span class='ocrx_word' id='word_1_188' title='bbox 1193 2564 1270 2618; x_wconf 90' lang='lat' dir='ltr'>ster-</span> 
     </span>
     <span class='ocr_line' id='line_1_23' title="bbox 216 2661 1270 2736; baseline 0.002 -15"><span class='ocrx_word' id='word_1_189' title='bbox 216 2662 304 2722; x_wconf 84' lang='lat' dir='ltr'>tebat</span> <span class='ocrx_word' id='word_1_190' title='bbox 324 2668 361 2721; x_wconf 88' lang='lat' dir='ltr'>ut</span> <span class='ocrx_word' id='word_1_191' title='bbox 382 2680 438 2736; x_wconf 86' lang='lat' dir='ltr'>ego</span> <span class='ocrx_word' id='word_1_192' title='bbox 459 2661 583 2720; x_wconf 86' lang='lat' dir='ltr'>vicinus</span> <span class='ocrx_word' id='word_1_193' title='bbox 606 2661 758 2720; x_wconf 83' lang='lat' dir='ltr'>audirem.</span> <span class='ocrx_word' id='word_1_194' title='bbox 801 2661 891 2720; x_wconf 87' lang='lat' dir='ltr'>Clodi</span> <span class='ocrx_word' id='word_1_195' title='bbox 918 2661 1110 2721; x_wconf 89' lang='lat' dir='ltr'>vestibulum</span> <span class='ocrx_word' id='word_1_196' title='bbox 1137 2682 1270 2723; x_wconf 86' lang='lat' dir='ltr'>vacuum</span> 
     </span>
     <span class='ocr_line' id='line_1_24' title="bbox 217 2745 1271 2842; baseline 0.002 -16"><span class='ocrx_word' id='word_1_197' title='bbox 217 2786 291 2827; x_wconf 90' lang='lat' dir='ltr'>sane</span> <span class='ocrx_word' id='word_1_198' title='bbox 305 2766 384 2826; x_wconf 92' lang='lat' dir='ltr'>mihi</span> <span class='ocrx_word' id='word_1_199' title='bbox 399 2745 612 2839; x_wconf 83' lang='lat' dir='ltr'>nuntiabatur,</span> <span class='ocrx_word' id='word_1_200' title='bbox 628 2765 720 2842; x_wconf 89' lang='lat' dir='ltr'>pauci</span> <span class='ocrx_word' id='word_1_201' title='bbox 733 2765 877 2842; x_wconf 89' lang='lat' dir='ltr'>pannosi,</span> <span class='ocrx_word' id='word_1_202' title='bbox 899 2764 984 2826; x_wconf 91' lang='lat' dir='ltr'>linea</span> <span class='ocrx_word' id='word_1_203' title='bbox 1003 2767 1155 2829; x_wconf 87' lang='lat' dir='ltr'>lanterna.</span> <span class='ocrx_word' id='word_1_204' title='bbox 1198 2770 1271 2828; x_wconf 87' lang='lat' dir='ltr'>Meo</span> 
     </span>
     <span class='ocr_line' id='line_1_25' title="bbox 216 2870 1270 2948; baseline 0.001 -16"><span class='ocrx_word' id='word_1_205' title='bbox 216 2870 347 2932; x_wconf 90' lang='lat' dir='ltr'>consilio</span> <span class='ocrx_word' id='word_1_206' title='bbox 361 2871 467 2932; x_wconf 89' lang='lat' dir='ltr'>omnia</span> <span class='ocrx_word' id='word_1_207' title='bbox 480 2870 530 2930; x_wconf 92' lang='lat' dir='ltr'>illi</span> <span class='ocrx_word' id='word_1_208' title='bbox 545 2871 613 2930; x_wconf 91' lang='lat' dir='ltr'>fieri</span> <span class='ocrx_word' id='word_1_209' title='bbox 629 2870 841 2948; x_wconf 84' lang='lat' dir='ltr'>querebantur</span> <span class='ocrx_word' id='word_1_210' title='bbox 861 2871 963 2947; x_wconf 88' lang='lat' dir='ltr'>ignari</span> <span class='ocrx_word' id='word_1_211' title='bbox 985 2879 1137 2948; x_wconf 90' lang='lat' dir='ltr'>quantum</span> <span class='ocrx_word' id='word_1_212' title='bbox 1159 2873 1193 2932; x_wconf 91' lang='lat' dir='ltr'>in</span> <span class='ocrx_word' id='word_1_213' title='bbox 1214 2874 1270 2934; x_wconf 92' lang='lat' dir='ltr'>illo</span> 
     </span>
     <span class='ocr_line' id='line_1_26' title="bbox 216 2976 1318 3054; baseline 0.005 -19"><span class='ocrx_word' id='word_1_214' title='bbox 216 2977 309 3037; x_wconf 88' lang='lat' dir='ltr'>heroe</span> <span class='ocrx_word' id='word_1_215' title='bbox 324 2982 407 3037; x_wconf 89' lang='lat' dir='ltr'>esset</span> <span class='ocrx_word' id='word_1_216' title='bbox 421 2976 527 3052; x_wconf 89' lang='lat' dir='ltr'>animi,</span> <span class='ocrx_word' id='word_1_217' title='bbox 544 2984 696 3054; x_wconf 85' lang='lat' dir='ltr'>quantum</span> <span class='ocrx_word' id='word_1_218' title='bbox 711 2978 805 3037; x_wconf 85' lang='lat' dir='ltr'>etiam</span> <span class='ocrx_word' id='word_1_219' title='bbox 825 2977 958 3040; x_wconf 86' lang='lat' dir='ltr'>consilii.</span> <span class='ocrx_word' id='word_1_220' title='bbox 1002 2978 1148 3039; x_wconf 90' lang='lat' dir='ltr'>Miranda</span> <span class='ocrx_word' id='word_1_221' title='bbox 1169 2979 1269 3040; x_wconf 82' lang='lat' dir='ltr'>virtus</span> <span class='ocrx_word' id='word_1_222' title='bbox 1288 2999 1318 3046; x_wconf 79' lang='lat'>25</span> 
     </span>
     <span class='ocr_line' id='line_1_27' title="bbox 215 3082 1267 3160; baseline 0.003 -18"><span class='ocrx_word' id='word_1_223' title='bbox 215 3089 273 3144; x_wconf 86' lang='lat' dir='ltr'>est.</span> <span class='ocrx_word' id='word_1_224' title='bbox 314 3083 407 3142; x_wconf 84' lang='lat' dir='ltr'>Nova</span> <span class='ocrx_word' id='word_1_225' title='bbox 431 3082 583 3160; x_wconf 90' lang='lat' dir='ltr'>quaedam</span> <span class='ocrx_word' id='word_1_226' title='bbox 610 3083 719 3142; x_wconf 86' lang='lat' dir='ltr'>divina</span> <span class='ocrx_word' id='word_1_227' title='bbox 743 3083 850 3158; x_wconf 76' lang='lat' dir='ltr'>mitto,</span> <span class='ocrx_word' id='word_1_228' title='bbox 885 3085 939 3143; x_wconf 91' lang='lat' dir='ltr'>sed</span> <span class='ocrx_word' id='word_1_229' title='bbox 962 3083 1038 3143; x_wconf 89' lang='lat' dir='ltr'>haec</span> <span class='ocrx_word' id='word_1_230' title='bbox 1067 3103 1189 3144; x_wconf 87' lang='lat' dir='ltr'>summa</span> <span class='ocrx_word' id='word_1_231' title='bbox 1211 3091 1267 3146; x_wconf 86' lang='lat' dir='ltr'>est.</span> 
     </span>
     <span class='ocr_line' id='line_1_28' title="bbox 216 3187 1268 3263; baseline 0.005 -17"><span class='ocrx_word' id='word_1_232' title='bbox 216 3187 352 3247; x_wconf 80' lang='lat' dir='ltr'>Comitia</span> <span class='ocrx_word' id='word_1_233' title='bbox 365 3188 433 3247; x_wconf 87' lang='lat' dir='ltr'>fore</span> <span class='ocrx_word' id='word_1_234' title='bbox 448 3207 511 3247; x_wconf 93' lang='lat' dir='ltr'>non</span> <span class='ocrx_word' id='word_1_235' title='bbox 526 3188 677 3262; x_wconf 88' lang='lat' dir='ltr'>arbitror;</span> <span class='ocrx_word' id='word_1_236' title='bbox 700 3207 785 3248; x_wconf 91' lang='lat' dir='ltr'>reum</span> <span class='ocrx_word' id='word_1_237' title='bbox 802 3188 960 3263; x_wconf 90' lang='lat' dir='ltr'>Publium,</span> <span class='ocrx_word' id='word_1_238' title='bbox 975 3189 1039 3248; x_wconf 90' lang='lat' dir='ltr'>nisi</span> <span class='ocrx_word' id='word_1_239' title='bbox 1056 3195 1129 3249; x_wconf 88' lang='lat' dir='ltr'>ante</span> <span class='ocrx_word' id='word_1_240' title='bbox 1149 3190 1268 3251; x_wconf 89' lang='lat' dir='ltr'>occisus</span> 
     </span>
     <span class='ocr_line' id='line_1_29' title="bbox 216 3292 1268 3371; baseline 0.003 -20"><span class='ocrx_word' id='word_1_241' title='bbox 216 3292 285 3367; x_wconf 87' lang='lat' dir='ltr'>erit,</span> <span class='ocrx_word' id='word_1_242' title='bbox 300 3292 368 3353; x_wconf 87' lang='lat' dir='ltr'>fore</span> <span class='ocrx_word' id='word_1_243' title='bbox 382 3311 401 3352; x_wconf 93' lang='lat' dir='ltr'>a</span> <span class='ocrx_word' id='word_1_244' title='bbox 414 3293 534 3352; x_wconf 91' lang='lat' dir='ltr'>Milone</span> <span class='ocrx_word' id='word_1_245' title='bbox 550 3301 643 3371; x_wconf 89' lang='lat' dir='ltr'>put0;</span> <span class='ocrx_word' id='word_1_246' title='bbox 666 3293 741 3355; x_wconf 88' lang='lat' dir='ltr'>sisa</span> <span class='ocrx_word' id='word_1_247' title='bbox 758 3294 790 3352; x_wconf 93' lang='lat' dir='ltr'>in</span> <span class='ocrx_word' id='word_1_248' title='bbox 805 3294 899 3354; x_wconf 88' lang='lat' dir='ltr'>turba</span> <span class='ocrx_word' id='word_1_249' title='bbox 919 3294 948 3353; x_wconf 92' lang='lat' dir='ltr'>ei</span> <span class='ocrx_word' id='word_1_250' title='bbox 970 3297 1088 3355; x_wconf 81' lang='lat' dir='ltr'>obuiam</span> <span class='ocrx_word' id='word_1_251' title='bbox 1109 3295 1268 3371; x_wconf 84' lang='lat' dir='ltr'>obtulerit,</span> 
     </span>
     <span class='ocr_line' id='line_1_30' title="bbox 216 3397 1269 3479; baseline 0.004 -23"><span class='ocrx_word' id='word_1_252' title='bbox 216 3397 352 3458; x_wconf 89' lang='lat' dir='ltr'>occisum</span> <span class='ocrx_word' id='word_1_253' title='bbox 366 3397 406 3456; x_wconf 87' lang='lat' dir='ltr'>iri</span> <span class='ocrx_word' id='word_1_254' title='bbox 421 3398 543 3476; x_wconf 87' lang='lat' dir='ltr'>abipso</span> <span class='ocrx_word' id='word_1_255' title='bbox 558 3398 677 3458; x_wconf 87' lang='lat' dir='ltr'>Milone</span> <span class='ocrx_word' id='word_1_256' title='bbox 691 3398 796 3458; x_wconf 90' lang='lat' dir='ltr'>video.</span> <span class='ocrx_word' id='word_1_257' title='bbox 839 3399 913 3458; x_wconf 89' lang='lat' dir='ltr'>Non</span> <span class='ocrx_word' id='word_1_258' title='bbox 928 3399 1053 3459; x_wconf 87' lang='lat' dir='ltr'>dubitat</span> <span class='ocrx_word' id='word_1_259' title='bbox 1067 3399 1179 3476; x_wconf 84' lang='lat' dir='ltr'>faeere,</span> <span class='ocrx_word' id='word_1_260' title='bbox 1194 3419 1269 3479; x_wconf 92' lang='lat' dir='ltr'>prae</span> 
     </span>
    </p>

    <p class='ocr_par' dir='ltr' id='par_1_6' title="bbox 216 3502 1317 3774">
     <span class='ocr_line' id='line_1_31' title="bbox 217 3502 1317 3583; baseline 0.005 -22"><span class='ocrx_word' id='word_1_261' title='bbox 217 3520 250 3562; x_wconf 91' lang='lat' dir='ltr'>se</span> <span class='ocrx_word' id='word_1_262' title='bbox 268 3503 348 3578; x_wconf 81' lang='lat' dir='ltr'>fert3</span> <span class='ocrx_word' id='word_1_263' title='bbox 371 3521 477 3563; x_wconf 86' lang='lat' dir='ltr'>casum</span> <span class='ocrx_word' id='word_1_264' title='bbox 498 3502 589 3562; x_wconf 91' lang='lat' dir='ltr'>illum</span> <span class='ocrx_word' id='word_1_265' title='bbox 611 3510 752 3564; x_wconf 90' lang='lat' dir='ltr'>nostrum</span> <span class='ocrx_word' id='word_1_266' title='bbox 774 3522 837 3562; x_wconf 92' lang='lat' dir='ltr'>non</span> <span class='ocrx_word' id='word_1_267' title='bbox 858 3504 1044 3563; x_wconf 86' lang='lat' dir='ltr'>extimescit.</span> <span class='ocrx_word' id='word_1_268' title='bbox 1087 3505 1266 3583; x_wconf 89' lang='lat' dir='ltr'>Numquam</span> <span class='ocrx_word' id='word_1_269' title='bbox 1288 3526 1317 3571; x_wconf 89' lang='lat'>30</span> 
     </span>
     <span class='ocr_line' id='line_1_32' title="bbox 216 3607 1269 3686; baseline 0.003 -19"><span class='ocrx_word' id='word_1_270' title='bbox 216 3607 299 3667; x_wconf 90' lang='lat' dir='ltr'>enirn</span> <span class='ocrx_word' id='word_1_271' title='bbox 316 3608 498 3686; x_wconf 89' lang='lat' dir='ltr'>cuiusquam</span> <span class='ocrx_word' id='word_1_272' title='bbox 514 3608 615 3668; x_wconf 90' lang='lat' dir='ltr'>invidi</span> <span class='ocrx_word' id='word_1_273' title='bbox 630 3615 661 3668; x_wconf 93' lang='lat' dir='ltr'>et</span> <span class='ocrx_word' id='word_1_274' title='bbox 675 3607 787 3686; x_wconf 88' lang='lat' dir='ltr'>perfidi</span> <span class='ocrx_word' id='word_1_275' title='bbox 802 3608 933 3669; x_wconf 90' lang='lat' dir='ltr'>consilio</span> <span class='ocrx_word' id='word_1_276' title='bbox 947 3615 996 3669; x_wconf 91' lang='lat' dir='ltr'>est</span> <span class='ocrx_word' id='word_1_277' title='bbox 1011 3628 1125 3670; x_wconf 90' lang='lat' dir='ltr'>usurus</span> <span class='ocrx_word' id='word_1_278' title='bbox 1146 3629 1203 3670; x_wconf 89' lang='lat' dir='ltr'>nec</span> <span class='ocrx_word' id='word_1_279' title='bbox 1225 3611 1269 3670; x_wconf 92' lang='lat' dir='ltr'>in-</span> 
     </span>
     <span class='ocr_line' id='line_1_33' title="bbox 216 3712 589 3774; baseline 0 -2"><span class='ocrx_word' id='word_1_280' title='bbox 216 3712 277 3772; x_wconf 86' lang='lat' dir='ltr'>erti</span> <span class='ocrx_word' id='word_1_281' title='bbox 291 3712 390 3772; x_wconf 91' lang='lat' dir='ltr'>nobili</span> <span class='ocrx_word' id='word_1_282' title='bbox 405 3713 589 3774; x_wconf 90' lang='lat' dir='ltr'>crediturus.</span> 
     </span>
    </p>
   </div>
   <div class='ocr_carea' id='block_1_5' title="bbox 0 0 1534 4284">
    <p class='ocr_par' dir='ltr' id='par_1_7' title="bbox 0 0 1534 4284">
     <span class='ocr_line' id='line_1_34' title="bbox 0 0 1534 4284; baseline 0 0"><span class='ocrx_word' id='word_1_283' title='bbox 0 0 1534 4284; x_wconf 95' lang='lat' dir='ltr'> </span> 
     </span>
    </p>
   </div>
  </div>
 </body>
</html>
