3038 4278
271 303 294 370 6
603 313 727 369 LATIN
753 312 1003 369 SELEO'I'IONS

272 486 389 546 Postea
409 485 501 546 credo
522 485 647 546 additas
662 485 759 544 moles
779 503 938 562 manuque
959 483 1110 558 adiutum,
1125 490 1161 544 ut
1176 489 1241 544 tam
1256 483 1328 544 emi-

272 610 349 651 nens
376 609 450 652 area
476 590 628 668 firmaque
655 588 783 668 templis
816 608 940 668 quoque
967 607 1003 650 ac
1034 587 1208 667 porticibus
1237 589 1328 650 susti·

271 695 384 756 nendis
404 702 494 756 esset.

313 801 454 879 Direptis
481 801 571 861 bonis
596 819 704 876 regum
732 799 872 861 damnati
901 799 1076 878 proditores
1105 806 1328 878 sumptumque

237 906 472 984 5supplicium,
505 895 702 984 conspectius
736 924 782 982 eo,
811 906 895 983 quod
927 923 1045 983 poenae
1075 905 1245 983 capiendae
1273 906 1328 966 rni-

272 1011 437 1072 nisterium
453 1011 535 1089 patri
551 1012 589 1070 de
603 1009 712 1072 liberis
731 1011 912 1071 consulatus
926 1010 1077 1089 inposuit,
1088 1015 1130 1085 et,
1140 1009 1194 1088 qui
1211 1016 1329 1089 specta·

272 1122 321 1176 tor
335 1120 402 1176 erat
416 1116 617 1190 amovendus,
632 1133 703 1175 eum
718 1115 823 1195 ipsum
837 1115 966 1175 fortuna
986 1120 1162 1176 exactorem
1178 1115 1328 1194 supplicii

272 1221 367 1282 dedit.
423 1222 555 1282 Stabant
590 1221 721 1297 deligati
754 1221 795 1281 ad
824 1220 930 1300 palum
962 1219 1152 1281 nobilissimi
1187 1221 1325 1281 iuvenes.

273 1326 335 1386 Sed
367 1346 386 1386 a
420 1325 541 1401 ceteris,
575 1324 664 1386 velut
697 1326 737 1386 ab
775 1325 892 1402 ignotis
926 1325 1093 1403 capitibus,
1122 1325 1261 1386 consulis
1293 1325 1328 1384 li-

225 1431 339 1496 robori
367 1431 506 1491 omnium
534 1431 626 1491 inse
654 1436 834 1492 averterant
862 1430 977 1505 oculos,
1002 1429 1235 1508 miserebatque
1263 1450 1327 1490 non

272 1555 388 1614 poenae
410 1537 511 1612 magis
532 1535 676 1595 homiues
702 1555 795 1613 quam
822 1535 957 1610 sceleris,
980 1555 1043 1612 quo
1064 1553 1195 1614 poenam
1223 1535 1324 1595 merit'

273 1646 395 1701 essent:
417 1640 490 1701 illos
515 1659 551 1701 eo
578 1640 775 1718 potissimum
801 1659 883 1701 anno
911 1639 1045 1718 patriam
1072 1639 1247 1716 liberatam,
1277 1659 1328 1718 pa

272 1752 353 1806 trem
380 1746 588 1820 liberatorem,
617 1745 812 1806 consulatum
841 1751 945 1806 ortum
973 1764 1011 1804 ex
1034 1746 1126 1805 domo
1150 1745 1253 1820 Iunia,
1277 1764 1328 1823 pa·

272 1857 346 1925 tres,
371 1851 503 1929 plebem,
529 1850 685 1928 quidquid
713 1851 839 1910 deorum
865 1851 1090 1927 hominumque
1113 1851 1326 1911 Romanorum

226 1975 254 2020 rc
273 1961 365 2030 esset,
380 1956 545 2015 induxisse
564 1954 598 2014 iu
619 1956 767 2030 animum,
783 1960 818 2014 ut
840 1955 973 2032 superbo
988 1956 1145 2032 quondam
1168 1954 1243 2031 regi,
1258 1962 1327 2015 tum

273 2061 391 2121 infesto
423 2059 510 2120 exuli
543 2060 720 2137 proderent.
761 2060 912 2121 Consules
945 2060 979 2118 in
1013 2059 1117 2119 sedern
1152 2079 1328 2138 processere

274 2185 371 2240 suam,
391 2165 543 2241 missique
564 2163 689 2226 lictores
711 2164 958 2225 adsumendum
980 2163 1180 2242 supplicium.
1221 2165 1328 2225 Nede

273 2276 323 2330 tos
338 2269 436 2346 virgis
457 2270 593 2329 caedunt
613 2269 776 2346 securique
798 2269 926 2344 feriunt,
946 2289 1016 2329 cum
1037 2268 1121 2328 inter
1141 2288 1232 2330 omne
1253 2275 1329 2330 tem·

274 2395 333 2453 pus
358 2380 447 2452 pater
469 2375 639 2452 vultusque
664 2381 695 2434 et
717 2393 751 2435 os
766 2373 833 2434 eius
858 2374 1035 2453 spectaculo
1063 2379 1146 2435 esset
1169 2374 1328 2436 eminente

225 2498 255 2544 m
274 2481 379 2540 animo
404 2477 505 2558 patrio
529 2479 612 2539 inter
636 2479 779 2556 publicae
807 2497 924 2557 poenae
952 2479 1172 2540 ministerium.
1216 2480 1329 2541 Secun-

274 2585 348 2644 dum
371 2603 502 2670 poenam
530 2583 719 2659 nocentium,
744 2584 835 2643 utin
856 2590 1020 2661 utramque
1042 2591 1164 2663 partem
1185 2583 1328 2645 arcendis

275 2689 443 2750 sceleribus
476 2688 653 2766 exemplum
688 2688 792 2748 nobile
825 2693 916 2764 esset,
945 2688 1118 2766 praemium
1152 2689 1251 2749 indici
1278 2707 1329 2768 pe-

275 2794 368 2854 cunia
391 2812 432 2853 ex
454 2793 573 2854 aerario
594 2793 724 2854 libertas
746 2798 778 2852 et
797 2793 910 2853 civitas
925 2793 1007 2853 deta
1050 2794 1111 2854 Ille
1129 2794 1266 2872 primum
1285 2795 1329 2854 di·

275 2899 356 2959 citur
376 2897 517 2959 vindicta
537 2898 696 2959 liberatus.
738 2897 873 2968 Quidam
893 2897 1053 2958 vindictae
1069 2917 1192 2976 quoque
1213 2918 1328 2960 nomen
1348 2935 1350 2938 -

226 3022 255 3067 25
274 3009 410 3064 tractum
433 3003 473 3064 ab
492 3003 548 3063 1110
568 3008 699 3081 putant;
722 3001 869 3063 Vindicio
889 3001 950 3080 ipsi
969 3022 1083 3062 nomen
1098 3003 1208 3065 fuisse.
1250 3005 1329 3065 Post

276 3108 366 3168 illum
391 3109 598 3183 observatum,
622 3113 659 3167 ut
684 3107 739 3185 qui
763 3106 809 3167 ita
829 3106 955 3167 liberati
976 3112 1090 3182 essent,
1110 3107 1144 3167 in
1165 3108 1329 3170 civitatem

276 3214 396 3291 accepti
418 3211 607 3272 viderentur.

334 3423 472 3476 Secessiou
485 3426 517 3486 os
524 3424 566 3474 tte
572 3424 648 3486 plebs
661 3425 716 3474 aad
728 3425 884 3475 institution
896 3424 930 3487 os
937 3424 979 3476 tbc
987 3424 1114 3486 plebeiae
1126 3425 1271 3478 tribunatu

317 3539 425 3599 Timor
447 3539 521 3599 inde
546 3544 652 3617 patres
675 3539 814 3613 incessit,
834 3557 882 3614 ne,
901 3538 928 3599 si
950 3538 1100 3600 dimissus
1110 3540 1265 3602 exercitus
1286 3542 1331 3602 fo

277 3652 334 3720 ret,
350 3664 458 3706 rursus
479 3651 586 3704 coetus
609 3642 722 3704 occulti
734 3643 1027 3721 coniurationesque
1042 3644 1162 3706 fierent.
1206 3647 1329 3726 Itaque,

228 3769 468 3828 30qua1nquam
495 3769 551 3828 per
575 3750 758 3810 dictatorem
788 3747 921 3810 dilectus
946 3749 1074 3810 babitus
1098 3756 1190 3828 esset,
1215 3757 1329 3828 temen,
