<?xml version="1.0" encoding="UTF-8"?>
<!DOCTYPE html PUBLIC "-//W3C//DTD XHTML 1.0 Transitional//EN"
    "http://www.w3.org/TR/xhtml1/DTD/xhtml1-transitional.dtd">
<html xmlns="http://www.w3.org/1999/xhtml" xml:lang="en" lang="en">
 <head>
  <title>
</title>
<meta http-equiv="Content-Type" content="text/html;charset=utf-8" />
  <meta name='ocr-system' content='tesseract 3.04.00' />
  <meta name='ocr-capabilities' content='ocr_page ocr_carea ocr_par ocr_line ocrx_word'/>
</head>
<body>
  <div class='ocr_page' id='page_1' title='image "./selectionsfromr00miergoog_0101.png"; bbox 0 0 3058 4284; ppageno 0'>
   <div class='ocr_carea' id='block_1_1' title="bbox 281 317 1001 388">
    <p class='ocr_par' dir='ltr' id='par_1_1' title="bbox 281 317 1001 388">
     <span class='ocr_line' id='line_1_1' title="bbox 281 317 1001 388; baseline 0.001 -1"><span class='ocrx_word' id='word_1_1' title='bbox 281 317 325 387; x_wconf 87' lang='lat'>86</span> <span class='ocrx_word' id='word_1_2' title='bbox 602 329 726 388; x_wconf 69' lang='lat' dir='ltr'>narni</span> <span class='ocrx_word' id='word_1_3' title='bbox 751 329 1001 388; x_wconf 77' lang='lat' dir='ltr'>suuucrrous</span> 
     </span>
    </p>
   </div>
   <div class='ocr_carea' id='block_1_2' title="bbox 176 501 1332 3204">
    <p class='ocr_par' dir='ltr' id='par_1_2' title="bbox 176 501 1332 3204">
     <span class='ocr_line' id='line_1_2' title="bbox 280 501 1331 581; baseline 0.004 -21"><span class='ocrx_word' id='word_1_4' title='bbox 280 501 436 576; x_wconf 86' lang='lat' dir='ltr'>dubitans,</span> <span class='ocrx_word' id='word_1_5' title='bbox 466 502 499 561; x_wconf 90' lang='lat' dir='ltr'>iu</span> <span class='ocrx_word' id='word_1_6' title='bbox 526 521 672 563; x_wconf 85' lang='lat' dir='ltr'>maxumo</span> <span class='ocrx_word' id='word_1_7' title='bbox 700 503 815 563; x_wconf 89' lang='lat' dir='ltr'>scelere</span> <span class='ocrx_word' id='word_1_8' title='bbox 843 503 942 564; x_wconf 91' lang='lat' dir='ltr'>tantis</span> <span class='ocrx_word' id='word_1_9' title='bbox 969 502 1090 563; x_wconf 90' lang='lat' dir='ltr'>civibus</span> <span class='ocrx_word' id='word_1_10' title='bbox 1119 503 1331 581; x_wconf 89' lang='lat' dir='ltr'>deprehensis,</span> 
     </span>
     <span class='ocr_line' id='line_1_3' title="bbox 176 595 1332 687; baseline 0.002 -21"><span class='ocrx_word' id='word_1_11' title='bbox 176 595 184 612; x_wconf 77' lang='lat'><em>⁰</em></span> <span class='ocrx_word' id='word_1_12' title='bbox 280 607 357 684; x_wconf 91' lang='lat' dir='ltr'>quid</span> <span class='ocrx_word' id='word_1_13' title='bbox 379 608 465 667; x_wconf 81' lang='lat' dir='ltr'>iacto</span> <span class='ocrx_word' id='word_1_14' title='bbox 485 627 564 686; x_wconf 92' lang='lat' dir='ltr'>opus</span> <span class='ocrx_word' id='word_1_15' title='bbox 585 614 684 684; x_wconf 81' lang='lat' dir='ltr'>essat3</span> <span class='ocrx_word' id='word_1_16' title='bbox 707 627 838 686; x_wconf 87' lang='lat' dir='ltr'>poenam</span> <span class='ocrx_word' id='word_1_17' title='bbox 860 608 985 668; x_wconf 91' lang='lat' dir='ltr'>illorum</span> <span class='ocrx_word' id='word_1_18' title='bbox 1007 608 1067 668; x_wconf 92' lang='lat' dir='ltr'>sibi</span> <span class='ocrx_word' id='word_1_19' title='bbox 1087 609 1183 683; x_wconf 88' lang='lat' dir='ltr'>oneri,</span> <span class='ocrx_word' id='word_1_20' title='bbox 1199 608 1332 687; x_wconf 89' lang='lat' dir='ltr'>impuni-</span> 
     </span>
     <span class='ocr_line' id='line_1_4' title="bbox 279 713 1332 790; baseline 0.002 -18"><span class='ocrx_word' id='word_1_21' title='bbox 279 717 377 772; x_wconf 92' lang='lat' dir='ltr'>tatem</span> <span class='ocrx_word' id='word_1_22' title='bbox 402 713 583 790; x_wconf 80' lang='lat' dir='ltr'><strong>perdundae</strong></span> <span class='ocrx_word' id='word_1_23' title='bbox 608 713 653 771; x_wconf 91' lang='lat' dir='ltr'>rei</span> <span class='ocrx_word' id='word_1_24' title='bbox 679 713 822 790; x_wconf 88' lang='lat' dir='ltr'>publicae</span> <span class='ocrx_word' id='word_1_25' title='bbox 846 714 914 774; x_wconf 82' lang='lat' dir='ltr'>fore</span> <span class='ocrx_word' id='word_1_26' title='bbox 939 714 1092 774; x_wconf 88' lang='lat' dir='ltr'>credebat.</span> <span class='ocrx_word' id='word_1_27' title='bbox 1136 713 1239 790; x_wconf 78' lang='lat' dir='ltr'>Igitur</span> <span class='ocrx_word' id='word_1_28' title='bbox 1263 733 1332 774; x_wconf 92' lang='lat' dir='ltr'>con-</span> 
     </span>
     <span class='ocr_line' id='line_1_5' title="bbox 279 816 1330 894; baseline 0.003 -19"><span class='ocrx_word' id='word_1_29' title='bbox 279 816 402 877; x_wconf 87' lang='lat' dir='ltr'>firmato</span> <span class='ocrx_word' id='word_1_30' title='bbox 427 818 531 878; x_wconf 88' lang='lat' dir='ltr'>animo</span> <span class='ocrx_word' id='word_1_31' title='bbox 552 819 654 878; x_wconf 90' lang='lat' dir='ltr'>vocari</span> <span class='ocrx_word' id='word_1_32' title='bbox 679 818 719 878; x_wconf 92' lang='lat' dir='ltr'>ad</span> <span class='ocrx_word' id='word_1_33' title='bbox 744 837 811 878; x_wconf 89' lang='lat' dir='ltr'>sese</span> <span class='ocrx_word' id='word_1_34' title='bbox 837 818 924 879; x_wconf 91' lang='lat' dir='ltr'>iubet</span> <span class='ocrx_word' id='word_1_35' title='bbox 946 819 1125 894; x_wconf 80' lang='lat' dir='ltr'><strong>Lentulum,</strong></span> <span class='ocrx_word' id='word_1_36' title='bbox 1148 818 1330 894; x_wconf 77' lang='lat' dir='ltr'>Cethegum,</span> 
     </span>
     <span class='ocr_line' id='line_1_6' title="bbox 246 921 1331 1001; baseline -0.002 -17"><span class='ocrx_word' id='word_1_37' title='bbox 246 921 451 998; x_wconf 82' lang='lat' dir='ltr'>cStatilium,</span> <span class='ocrx_word' id='word_1_38' title='bbox 480 923 659 996; x_wconf 87' lang='lat' dir='ltr'>Gabinium,</span> <span class='ocrx_word' id='word_1_39' title='bbox 688 923 826 1000; x_wconf 86' lang='lat' dir='ltr'>itemque</span> <span class='ocrx_word' id='word_1_40' title='bbox 854 923 1037 1001; x_wconf 79' lang='lat' dir='ltr'>Caeparium</span> <span class='ocrx_word' id='word_1_41' title='bbox 1066 923 1331 999; x_wconf 81' lang='lat' dir='ltr'>Terracinensem,</span> 
     </span>
     <span class='ocr_line' id='line_1_7' title="bbox 279 1027 1330 1106; baseline 0.001 -20"><span class='ocrx_word' id='word_1_42' title='bbox 279 1027 334 1104; x_wconf 93' lang='lat' dir='ltr'>qui</span> <span class='ocrx_word' id='word_1_43' title='bbox 360 1027 393 1086; x_wconf 88' lang='lat' dir='ltr'>in</span> <span class='ocrx_word' id='word_1_44' title='bbox 416 1027 566 1105; x_wconf 89' lang='lat' dir='ltr'>Apuliam</span> <span class='ocrx_word' id='word_1_45' title='bbox 593 1028 633 1088; x_wconf 88' lang='lat' dir='ltr'>ad</span> <span class='ocrx_word' id='word_1_46' title='bbox 657 1028 842 1088; x_wconf 89' lang='lat' dir='ltr'>concitanda</span> <span class='ocrx_word' id='word_1_47' title='bbox 864 1027 994 1088; x_wconf 88' lang='lat' dir='ltr'>servitia</span> <span class='ocrx_word' id='word_1_48' title='bbox 1015 1029 1170 1106; x_wconf 88' lang='lat' dir='ltr'>proficisci</span> <span class='ocrx_word' id='word_1_49' title='bbox 1191 1029 1330 1106; x_wconf 88' lang='lat' dir='ltr'>parabat.</span> 
     </span>
     <span class='ocr_line' id='line_1_8' title="bbox 280 1131 1332 1210; baseline 0.002 -20"><span class='ocrx_word' id='word_1_50' title='bbox 280 1131 382 1191; x_wconf 85' lang='lat' dir='ltr'>Ceteri</span> <span class='ocrx_word' id='word_1_51' title='bbox 411 1132 479 1192; x_wconf 90' lang='lat' dir='ltr'>siue</span> <span class='ocrx_word' id='word_1_52' title='bbox 511 1152 597 1192; x_wconf 90' lang='lat' dir='ltr'>mora</span> <span class='ocrx_word' id='word_1_53' title='bbox 625 1133 774 1208; x_wconf 86' lang='lat' dir='ltr'>veniunt;</span> <span class='ocrx_word' id='word_1_54' title='bbox 810 1132 989 1210; x_wconf 85' lang='lat' dir='ltr'>Caeparius,</span> <span class='ocrx_word' id='word_1_55' title='bbox 1018 1133 1112 1210; x_wconf 89' lang='lat' dir='ltr'>paulo</span> <span class='ocrx_word' id='word_1_56' title='bbox 1139 1139 1211 1194; x_wconf 84' lang='lat' dir='ltr'>ante</span> <span class='ocrx_word' id='word_1_57' title='bbox 1239 1134 1332 1193; x_wconf 84' lang='lat' dir='ltr'>domo</span> 
     </span>
     <span class='ocr_line' id='line_1_9' title="bbox 279 1237 1331 1315; baseline 0.002 -21"><span class='ocrx_word' id='word_1_58' title='bbox 279 1255 431 1313; x_wconf 71' lang='lat' dir='ltr'>egressus</span> <span class='ocrx_word' id='word_1_59' title='bbox 467 1237 592 1312; x_wconf 88' lang='lat' dir='ltr'>cognito</span> <span class='ocrx_word' id='word_1_60' title='bbox 627 1237 753 1313; x_wconf 82' lang='lat' dir='ltr'>indicis,</span> <span class='ocrx_word' id='word_1_61' title='bbox 786 1256 824 1296; x_wconf 84' lang='lat' dir='ltr'>ex</span> <span class='ocrx_word' id='word_1_62' title='bbox 859 1237 935 1297; x_wconf 90' lang='lat' dir='ltr'>urhe</span> <span class='ocrx_word' id='word_1_63' title='bbox 970 1238 1161 1315; x_wconf 82' lang='lat' dir='ltr'>profugerat.</span> <span class='ocrx_word' id='word_1_64' title='bbox 1213 1237 1331 1299; x_wconf 88' lang='lat' dir='ltr'>Consul</span> 
     </span>
     <span class='ocr_line' id='line_1_10' title="bbox 279 1342 1331 1421; baseline 0.001 -21"><span class='ocrx_word' id='word_1_65' title='bbox 279 1342 457 1417; x_wconf 75' lang='lat' dir='ltr'>Lentulum,</span> <span class='ocrx_word' id='word_1_66' title='bbox 472 1342 554 1420; x_wconf 92' lang='lat' dir='ltr'>quod</span> <span class='ocrx_word' id='word_1_67' title='bbox 570 1349 694 1418; x_wconf 90' lang='lat' dir='ltr'>praetor</span> <span class='ocrx_word' id='word_1_68' title='bbox 714 1351 789 1418; x_wconf 90' lang='lat' dir='ltr'>erat,</span> <span class='ocrx_word' id='word_1_69' title='bbox 806 1343 873 1421; x_wconf 92' lang='lat' dir='ltr'>ipse</span> <span class='ocrx_word' id='word_1_70' title='bbox 892 1363 989 1402; x_wconf 90' lang='lat' dir='ltr'>manu</span> <span class='ocrx_word' id='word_1_71' title='bbox 1007 1349 1118 1403; x_wconf 90' lang='lat' dir='ltr'>tenens</span> <span class='ocrx_word' id='word_1_72' title='bbox 1136 1343 1331 1408; x_wconf 77' lang='lat' dir='ltr'>incenatum</span> 
     </span>
     <span class='ocr_line' id='line_1_11' title="bbox 232 1445 1331 1524; baseline 0 -18"><span class='ocrx_word' id='word_1_73' title='bbox 232 1462 260 1507; x_wconf 92' lang='lat'>10</span> <span class='ocrx_word' id='word_1_74' title='bbox 279 1446 430 1524; x_wconf 77' lang='lat' dir='ltr'>perducit,</span> <span class='ocrx_word' id='word_1_75' title='bbox 461 1445 598 1524; x_wconf 90' lang='lat' dir='ltr'>reliquos</span> <span class='ocrx_word' id='word_1_76' title='bbox 630 1465 700 1506; x_wconf 85' lang='lat' dir='ltr'>curn</span> <span class='ocrx_word' id='word_1_77' title='bbox 732 1448 914 1508; x_wconf 77' lang='lat' dir='ltr'>custodibus</span> <span class='ocrx_word' id='word_1_78' title='bbox 943 1449 977 1506; x_wconf 93' lang='lat' dir='ltr'>in</span> <span class='ocrx_word' id='word_1_79' title='bbox 1004 1448 1112 1507; x_wconf 89' lang='lat' dir='ltr'>aedem</span> <span class='ocrx_word' id='word_1_80' title='bbox 1140 1447 1331 1508; x_wconf 84' lang='lat' dir='ltr'>Concordiae</span> 
     </span>
     <span class='ocr_line' id='line_1_12' title="bbox 278 1550 1332 1630; baseline 0.002 -20"><span class='ocrx_word' id='word_1_81' title='bbox 278 1550 385 1611; x_wconf 84' lang='lat' dir='ltr'>venire</span> <span class='ocrx_word' id='word_1_82' title='bbox 413 1551 508 1611; x_wconf 90' lang='lat' dir='ltr'>iubet.</span> <span class='ocrx_word' id='word_1_83' title='bbox 550 1553 598 1610; x_wconf 79' lang='lat' dir='ltr'>Eo</span> <span class='ocrx_word' id='word_1_84' title='bbox 627 1558 769 1611; x_wconf 88' lang='lat' dir='ltr'>senatum</span> <span class='ocrx_word' id='word_1_85' title='bbox 797 1553 929 1612; x_wconf 86' lang='lat' dir='ltr'>advocat</span> <span class='ocrx_word' id='word_1_86' title='bbox 954 1571 1128 1630; x_wconf 86' lang='lat' dir='ltr'>magnaque</span> <span class='ocrx_word' id='word_1_87' title='bbox 1152 1553 1332 1630; x_wconf 83' lang='lat' dir='ltr'>frequentia</span> 
     </span>
     <span class='ocr_line' id='line_1_13' title="bbox 278 1656 1329 1733; baseline -0.001 -17"><span class='ocrx_word' id='word_1_88' title='bbox 278 1657 346 1716; x_wconf 90' lang='lat' dir='ltr'>eius</span> <span class='ocrx_word' id='word_1_89' title='bbox 371 1656 491 1716; x_wconf 86' lang='lat' dir='ltr'>ordinis</span> <span class='ocrx_word' id='word_1_90' title='bbox 516 1656 713 1718; x_wconf 84' lang='lat' dir='ltr'>Volturcium</span> <span class='ocrx_word' id='word_1_91' title='bbox 739 1676 808 1717; x_wconf 88' lang='lat' dir='ltr'>curn</span> <span class='ocrx_word' id='word_1_92' title='bbox 837 1657 951 1733; x_wconf 90' lang='lat' dir='ltr'>legatis</span> <span class='ocrx_word' id='word_1_93' title='bbox 979 1657 1161 1732; x_wconf 90' lang='lat' dir='ltr'>introducit,</span> <span class='ocrx_word' id='word_1_94' title='bbox 1183 1657 1329 1717; x_wconf 79' lang='lat' dir='ltr'>Flaccum</span> 
     </span>
     <span class='ocr_line' id='line_1_14' title="bbox 278 1761 1330 1840; baseline 0.002 -20"><span class='ocrx_word' id='word_1_95' title='bbox 278 1768 452 1840; x_wconf 84' lang='lat' dir='ltr'>praetorem</span> <span class='ocrx_word' id='word_1_96' title='bbox 475 1762 625 1821; x_wconf 91' lang='lat' dir='ltr'>scrinium</span> <span class='ocrx_word' id='word_1_97' title='bbox 646 1781 716 1822; x_wconf 92' lang='lat' dir='ltr'>cum</span> <span class='ocrx_word' id='word_1_98' title='bbox 738 1761 864 1837; x_wconf 91' lang='lat' dir='ltr'>litteris,</span> <span class='ocrx_word' id='word_1_99' title='bbox 887 1781 965 1839; x_wconf 89' lang='lat' dir='ltr'>quas</span> <span class='ocrx_word' id='word_1_100' title='bbox 986 1781 1005 1822; x_wconf 93' lang='lat' dir='ltr'>a</span> <span class='ocrx_word' id='word_1_101' title='bbox 1026 1762 1138 1838; x_wconf 89' lang='lat' dir='ltr'>legatis</span> <span class='ocrx_word' id='word_1_102' title='bbox 1159 1769 1330 1839; x_wconf 82' lang='lat' dir='ltr'>acceperat,</span> 
     </span>
     <span class='ocr_line' id='line_1_15' title="bbox 278 1866 621 1927; baseline -0.006 0"><span class='ocrx_word' id='word_1_103' title='bbox 278 1867 385 1927; x_wconf 90' lang='lat' dir='ltr'>eodem</span> <span class='ocrx_word' id='word_1_104' title='bbox 401 1867 512 1926; x_wconf 87' lang='lat' dir='ltr'>afferre</span> <span class='ocrx_word' id='word_1_105' title='bbox 528 1866 621 1926; x_wconf 91' lang='lat' dir='ltr'>iubet.</span> 
     </span>
     <span class='ocr_line' id='line_1_16' title="bbox 231 1955 1331 2048; baseline -0.004 -14"><span class='ocrx_word' id='word_1_106' title='bbox 231 1992 258 2038; x_wconf 84' lang='lat' dir='ltr'>1c</span> <span class='ocrx_word' id='word_1_107' title='bbox 318 1971 499 2034; x_wconf 89' lang='lat' dir='ltr'>Volturcius</span> <span class='ocrx_word' id='word_1_108' title='bbox 522 1955 733 2047; x_wconf 82' lang='lat' dir='ltr'>interrogatus</span> <span class='ocrx_word' id='word_1_109' title='bbox 756 1971 795 2031; x_wconf 91' lang='lat' dir='ltr'>de</span> <span class='ocrx_word' id='word_1_110' title='bbox 820 1971 943 2047; x_wconf 87' lang='lat' dir='ltr'>itinere,</span> <span class='ocrx_word' id='word_1_111' title='bbox 965 1973 1004 2032; x_wconf 90' lang='lat' dir='ltr'>de</span> <span class='ocrx_word' id='word_1_112' title='bbox 1025 1972 1151 2047; x_wconf 90' lang='lat' dir='ltr'>litteris,</span> <span class='ocrx_word' id='word_1_113' title='bbox 1173 1977 1331 2048; x_wconf 87' lang='lat' dir='ltr'>postremo</span> 
     </span>
     <span class='ocr_line' id='line_1_17' title="bbox 278 2076 1329 2154; baseline 0.001 -19"><span class='ocrx_word' id='word_1_114' title='bbox 278 2077 355 2154; x_wconf 93' lang='lat' dir='ltr'>quid</span> <span class='ocrx_word' id='word_1_115' title='bbox 374 2083 429 2137; x_wconf 88' lang='lat' dir='ltr'>aut</span> <span class='ocrx_word' id='word_1_116' title='bbox 447 2095 510 2154; x_wconf 91' lang='lat' dir='ltr'>qua</span> <span class='ocrx_word' id='word_1_117' title='bbox 526 2076 564 2136; x_wconf 88' lang='lat' dir='ltr'>de</span> <span class='ocrx_word' id='word_1_118' title='bbox 584 2095 678 2138; x_wconf 87' lang='lat' dir='ltr'>causa</span> <span class='ocrx_word' id='word_1_119' title='bbox 696 2077 810 2137; x_wconf 89' lang='lat' dir='ltr'>consili</span> <span class='ocrx_word' id='word_1_120' title='bbox 824 2076 995 2151; x_wconf 88' lang='lat' dir='ltr'>habuisset,</span> <span class='ocrx_word' id='word_1_121' title='bbox 1011 2077 1113 2154; x_wconf 91' lang='lat' dir='ltr'>primo</span> <span class='ocrx_word' id='word_1_122' title='bbox 1127 2076 1244 2152; x_wconf 89' lang='lat' dir='ltr'>fingere</span> <span class='ocrx_word' id='word_1_123' title='bbox 1258 2076 1329 2151; x_wconf 89' lang='lat' dir='ltr'>alia,</span> 
     </span>
     <span class='ocr_line' id='line_1_18' title="bbox 277 2180 1331 2260; baseline -0.001 -19"><span class='ocrx_word' id='word_1_124' title='bbox 277 2182 478 2242; x_wconf 86' lang='lat' dir='ltr'>dissimulare</span> <span class='ocrx_word' id='word_1_125' title='bbox 500 2183 538 2242; x_wconf 89' lang='lat' dir='ltr'>de</span> <span class='ocrx_word' id='word_1_126' title='bbox 558 2182 790 2257; x_wconf 78' lang='lat' dir='ltr'>coniuratione3</span> <span class='ocrx_word' id='word_1_127' title='bbox 820 2190 899 2260; x_wconf 89' lang='lat' dir='ltr'>post,</span> <span class='ocrx_word' id='word_1_128' title='bbox 922 2182 975 2241; x_wconf 92' lang='lat' dir='ltr'>ubi</span> <span class='ocrx_word' id='word_1_129' title='bbox 997 2181 1059 2242; x_wconf 89' lang='lat' dir='ltr'>fide</span> <span class='ocrx_word' id='word_1_130' title='bbox 1080 2180 1206 2258; x_wconf 90' lang='lat' dir='ltr'>publica</span> <span class='ocrx_word' id='word_1_131' title='bbox 1226 2180 1331 2240; x_wconf 89' lang='lat' dir='ltr'>dicere</span> 
     </span>
     <span class='ocr_line' id='line_1_19' title="bbox 278 2286 1330 2364; baseline 0.001 -19"><span class='ocrx_word' id='word_1_132' title='bbox 278 2287 381 2347; x_wconf 88' lang='lat' dir='ltr'>iussus</span> <span class='ocrx_word' id='word_1_133' title='bbox 399 2294 456 2362; x_wconf 87' lang='lat' dir='ltr'>est,</span> <span class='ocrx_word' id='word_1_134' title='bbox 471 2286 577 2346; x_wconf 89' lang='lat' dir='ltr'>omnia</span> <span class='ocrx_word' id='word_1_135' title='bbox 595 2286 642 2345; x_wconf 90' lang='lat' dir='ltr'>uti</span> <span class='ocrx_word' id='word_1_136' title='bbox 663 2292 751 2361; x_wconf 87' lang='lat' dir='ltr'>gesta</span> <span class='ocrx_word' id='word_1_137' title='bbox 770 2292 860 2346; x_wconf 89' lang='lat' dir='ltr'>erant</span> <span class='ocrx_word' id='word_1_138' title='bbox 879 2286 989 2364; x_wconf 89' lang='lat' dir='ltr'>aperit,</span> <span class='ocrx_word' id='word_1_139' title='bbox 1005 2287 1154 2363; x_wconf 85' lang='lat' dir='ltr'>docetque</span> <span class='ocrx_word' id='word_1_140' title='bbox 1171 2305 1204 2345; x_wconf 89' lang='lat' dir='ltr'>se</span> <span class='ocrx_word' id='word_1_141' title='bbox 1222 2286 1330 2364; x_wconf 86' lang='lat' dir='ltr'>paucis</span> 
     </span>
     <span class='ocr_line' id='line_1_20' title="bbox 277 2390 1330 2469; baseline -0.004 -18"><span class='ocrx_word' id='word_1_142' title='bbox 277 2397 349 2451; x_wconf 85' lang='lat' dir='ltr'>ante</span> <span class='ocrx_word' id='word_1_143' title='bbox 375 2391 485 2452; x_wconf 92' lang='lat' dir='ltr'>diebus</span> <span class='ocrx_word' id='word_1_144' title='bbox 508 2410 528 2451; x_wconf 89' lang='lat' dir='ltr'>a</span> <span class='ocrx_word' id='word_1_145' title='bbox 552 2390 688 2452; x_wconf 88' lang='lat' dir='ltr'>Gabinio</span> <span class='ocrx_word' id='word_1_146' title='bbox 712 2398 744 2449; x_wconf 90' lang='lat' dir='ltr'>et</span> <span class='ocrx_word' id='word_1_147' title='bbox 768 2391 921 2469; x_wconf 83' lang='lat' dir='ltr'>Caepario</span> <span class='ocrx_word' id='word_1_148' title='bbox 946 2391 1064 2450; x_wconf 88' lang='lat' dir='ltr'>socium</span> <span class='ocrx_word' id='word_1_149' title='bbox 1088 2391 1220 2450; x_wconf 88' lang='lat' dir='ltr'>ascitum</span> <span class='ocrx_word' id='word_1_150' title='bbox 1248 2390 1330 2448; x_wconf 90' lang='lat' dir='ltr'>nihil</span> 
     </span>
     <span class='ocr_line' id='line_1_21' title="bbox 229 2494 1329 2574; baseline -0.005 -15"><span class='ocrx_word' id='word_1_151' title='bbox 229 2515 259 2559; x_wconf 83' lang='lat' dir='ltr'>ao</span> <span class='ocrx_word' id='word_1_152' title='bbox 277 2496 413 2574; x_wconf 88' lang='lat' dir='ltr'>amplius</span> <span class='ocrx_word' id='word_1_153' title='bbox 435 2496 514 2556; x_wconf 89' lang='lat' dir='ltr'>scire</span> <span class='ocrx_word' id='word_1_154' title='bbox 534 2514 628 2573; x_wconf 87' lang='lat' dir='ltr'>quam</span> <span class='ocrx_word' id='word_1_155' title='bbox 647 2495 785 2571; x_wconf 74' lang='lat' dir='ltr'>legatos,</span> <span class='ocrx_word' id='word_1_156' title='bbox 817 2500 940 2555; x_wconf 89' lang='lat' dir='ltr'>tantum</span> <span class='ocrx_word' id='word_1_157' title='bbox 964 2496 1056 2554; x_wconf 91' lang='lat' dir='ltr'>modo</span> <span class='ocrx_word' id='word_1_158' title='bbox 1074 2494 1182 2554; x_wconf 89' lang='lat' dir='ltr'>audire</span> <span class='ocrx_word' id='word_1_159' title='bbox 1201 2494 1329 2554; x_wconf 90' lang='lat' dir='ltr'>solitum</span> 
     </span>
     <span class='ocr_line' id='line_1_22' title="bbox 277 2600 1330 2676; baseline -0.002 -16"><span class='ocrx_word' id='word_1_160' title='bbox 277 2619 316 2660; x_wconf 82' lang='lat' dir='ltr'>ex</span> <span class='ocrx_word' id='word_1_161' title='bbox 341 2601 477 2661; x_wconf 87' lang='lat' dir='ltr'>Gabinio</span> <span class='ocrx_word' id='word_1_162' title='bbox 501 2602 535 2661; x_wconf 89' lang='lat' dir='ltr'>P.</span> <span class='ocrx_word' id='word_1_163' title='bbox 561 2600 762 2674; x_wconf 90' lang='lat' dir='ltr'>Autronium,</span> <span class='ocrx_word' id='word_1_164' title='bbox 789 2600 853 2660; x_wconf 88' lang='lat' dir='ltr'>Ser.</span> <span class='ocrx_word' id='word_1_165' title='bbox 879 2600 1010 2674; x_wconf 81' lang='lat' dir='ltr'>Sullam,</span> <span class='ocrx_word' id='word_1_166' title='bbox 1036 2601 1071 2658; x_wconf 91' lang='lat' dir='ltr'>L.</span> <span class='ocrx_word' id='word_1_167' title='bbox 1095 2600 1330 2676; x_wconf 86' lang='lat' dir='ltr'>Vargunteium,</span> 
     </span>
     <span class='ocr_line' id='line_1_23' title="bbox 278 2705 1331 2784; baseline 0 -20"><span class='ocrx_word' id='word_1_168' title='bbox 278 2706 393 2766; x_wconf 91' lang='lat' dir='ltr'>multos</span> <span class='ocrx_word' id='word_1_169' title='bbox 421 2712 583 2784; x_wconf 88' lang='lat' dir='ltr'>praeterea</span> <span class='ocrx_word' id='word_1_170' title='bbox 609 2705 643 2764; x_wconf 91' lang='lat' dir='ltr'>in</span> <span class='ocrx_word' id='word_1_171' title='bbox 671 2724 708 2766; x_wconf 91' lang='lat' dir='ltr'>ea</span> <span class='ocrx_word' id='word_1_172' title='bbox 734 2706 949 2765; x_wconf 88' lang='lat' dir='ltr'>coniuratione</span> <span class='ocrx_word' id='word_1_173' title='bbox 976 2725 1056 2766; x_wconf 89' lang='lat' dir='ltr'>esse.</span> <span class='ocrx_word' id='word_1_174' title='bbox 1099 2705 1218 2765; x_wconf 83' lang='lat' dir='ltr'>Eadem</span> <span class='ocrx_word' id='word_1_175' title='bbox 1244 2705 1331 2765; x_wconf 85' lang='lat' dir='ltr'>Galli</span> 
     </span>
     <span class='ocr_line' id='line_1_24' title="bbox 276 2809 1331 2888; baseline -0.001 -18"><span class='ocrx_word' id='word_1_176' title='bbox 276 2812 418 2871; x_wconf 82' lang='lat' dir='ltr'>fatentur</span> <span class='ocrx_word' id='word_1_177' title='bbox 449 2830 484 2871; x_wconf 88' lang='lat' dir='ltr'>ac</span> <span class='ocrx_word' id='word_1_178' title='bbox 516 2810 685 2870; x_wconf 89' lang='lat' dir='ltr'>Lentulum</span> <span class='ocrx_word' id='word_1_179' title='bbox 717 2809 968 2871; x_wconf 86' lang='lat' dir='ltr'>dissimulantem</span> <span class='ocrx_word' id='word_1_180' title='bbox 1000 2817 1173 2887; x_wconf 90' lang='lat' dir='ltr'>coarguunt</span> <span class='ocrx_word' id='word_1_181' title='bbox 1206 2817 1331 2888; x_wconf 90' lang='lat' dir='ltr'>praeter</span> 
     </span>
     <span class='ocr_line' id='line_1_25' title="bbox 276 2914 1330 2993; baseline 0.002 -19"><span class='ocrx_word' id='word_1_182' title='bbox 276 2916 400 2976; x_wconf 87' lang='lat' dir='ltr'>litteras</span> <span class='ocrx_word' id='word_1_183' title='bbox 423 2915 617 2976; x_wconf 90' lang='lat' dir='ltr'>sermonibus</span> <span class='ocrx_word' id='word_1_184' title='bbox 639 2935 716 2993; x_wconf 91' lang='lat' dir='ltr'>quos</span> <span class='ocrx_word' id='word_1_185' title='bbox 738 2915 792 2974; x_wconf 89' lang='lat' dir='ltr'>ille</span> <span class='ocrx_word' id='word_1_186' title='bbox 811 2915 926 2976; x_wconf 88' lang='lat' dir='ltr'>habere</span> <span class='ocrx_word' id='word_1_187' title='bbox 946 2915 1058 2976; x_wconf 92' lang='lat' dir='ltr'>solitus</span> <span class='ocrx_word' id='word_1_188' title='bbox 1078 2920 1162 2974; x_wconf 88' lang='lat' dir='ltr'>erat:</span> <span class='ocrx_word' id='word_1_189' title='bbox 1185 2933 1223 2974; x_wconf 87' lang='lat' dir='ltr'>ex</span> <span class='ocrx_word' id='word_1_190' title='bbox 1240 2914 1330 2976; x_wconf 88' lang='lat' dir='ltr'>libris</span> 
     </span>
     <span class='ocr_line' id='line_1_26' title="bbox 229 3019 1330 3100; baseline -0.003 -17"><span class='ocrx_word' id='word_1_191' title='bbox 229 3039 258 3083; x_wconf 77' lang='lat'>25</span> <span class='ocrx_word' id='word_1_192' title='bbox 278 3021 444 3100; x_wconf 88' lang='lat' dir='ltr'>Sibyllinis</span> <span class='ocrx_word' id='word_1_193' title='bbox 459 3040 589 3097; x_wconf 89' lang='lat' dir='ltr'>reguum</span> <span class='ocrx_word' id='word_1_194' title='bbox 603 3022 722 3080; x_wconf 83' lang='lat' dir='ltr'>Romae</span> <span class='ocrx_word' id='word_1_195' title='bbox 733 3020 835 3080; x_wconf 87' lang='lat' dir='ltr'>tribus</span> <span class='ocrx_word' id='word_1_196' title='bbox 846 3020 1001 3081; x_wconf 88' lang='lat' dir='ltr'>Corneliis</span> <span class='ocrx_word' id='word_1_197' title='bbox 1012 3019 1174 3099; x_wconf 82' lang='lat' dir='ltr'>portendi3</span> <span class='ocrx_word' id='word_1_198' title='bbox 1198 3020 1330 3080; x_wconf 86' lang='lat' dir='ltr'>Cinnam</span> 
     </span>
     <span class='ocr_line' id='line_1_27' title="bbox 277 3125 1330 3204; baseline -0.001 -18"><span class='ocrx_word' id='word_1_199' title='bbox 277 3133 371 3204; x_wconf 90' lang='lat' dir='ltr'>atque</span> <span class='ocrx_word' id='word_1_200' title='bbox 393 3126 514 3186; x_wconf 84' lang='lat' dir='ltr'>Sullam</span> <span class='ocrx_word' id='word_1_201' title='bbox 535 3131 636 3201; x_wconf 89' lang='lat' dir='ltr'>antea,</span> <span class='ocrx_word' id='word_1_202' title='bbox 652 3144 684 3186; x_wconf 89' lang='lat' dir='ltr'>se</span> <span class='ocrx_word' id='word_1_203' title='bbox 706 3126 835 3185; x_wconf 89' lang='lat' dir='ltr'>tertium</span> <span class='ocrx_word' id='word_1_204' title='bbox 857 3143 934 3198; x_wconf 91' lang='lat' dir='ltr'>esse,</span> <span class='ocrx_word' id='word_1_205' title='bbox 950 3125 1001 3185; x_wconf 91' lang='lat' dir='ltr'>cui</span> <span class='ocrx_word' id='word_1_206' title='bbox 1022 3125 1123 3185; x_wconf 84' lang='lat' dir='ltr'>iatum</span> <span class='ocrx_word' id='word_1_207' title='bbox 1141 3126 1224 3184; x_wconf 88' lang='lat' dir='ltr'>foret</span> <span class='ocrx_word' id='word_1_208' title='bbox 1242 3125 1330 3185; x_wconf 91' lang='lat' dir='ltr'>urbis</span> 
     </span>
    </p>
   </div>
   <div class='ocr_carea' id='block_1_3' title="bbox 228 3229 1331 3833">
    <p class='ocr_par' dir='ltr' id='par_1_3' title="bbox 228 3229 1331 3833">
     <span class='ocr_line' id='line_1_28' title="bbox 276 3229 1330 3309; baseline -0.001 -19"><span class='ocrx_word' id='word_1_209' title='bbox 276 3231 389 3309; x_wconf 87' lang='lat' dir='ltr'>potiri;</span> <span class='ocrx_word' id='word_1_210' title='bbox 413 3236 573 3308; x_wconf 85' lang='lat' dir='ltr'>praeterea</span> <span class='ocrx_word' id='word_1_211' title='bbox 587 3231 628 3290; x_wconf 92' lang='lat' dir='ltr'>ab</span> <span class='ocrx_word' id='word_1_212' title='bbox 638 3230 765 3289; x_wconf 90' lang='lat' dir='ltr'>incenso</span> <span class='ocrx_word' id='word_1_213' title='bbox 779 3230 937 3308; x_wconf 87' lang='lat' dir='ltr'>Capitolio</span> <span class='ocrx_word' id='word_1_214' title='bbox 947 3229 1037 3289; x_wconf 91' lang='lat' dir='ltr'>illum</span> <span class='ocrx_word' id='word_1_215' title='bbox 1052 3249 1122 3290; x_wconf 88' lang='lat' dir='ltr'>esse</span> <span class='ocrx_word' id='word_1_216' title='bbox 1133 3230 1330 3305; x_wconf 83' lang='lat' dir='ltr'>vigesumum</span> 
     </span>
     <span class='ocr_line' id='line_1_29' title="bbox 276 3315 1331 3413; baseline -0.002 -17"><span class='ocrx_word' id='word_1_217' title='bbox 276 3356 402 3410; x_wconf 90' lang='lat' dir='ltr'>annum,</span> <span class='ocrx_word' id='word_1_218' title='bbox 424 3354 517 3413; x_wconf 88' lang='lat' dir='ltr'>quem</span> <span class='ocrx_word' id='word_1_219' title='bbox 543 3354 634 3412; x_wconf 89' lang='lat' dir='ltr'>saepe</span> <span class='ocrx_word' id='word_1_220' title='bbox 655 3354 694 3395; x_wconf 87' lang='lat' dir='ltr'>ex</span> <span class='ocrx_word' id='word_1_221' title='bbox 715 3335 867 3413; x_wconf 89' lang='lat' dir='ltr'>prodigiis</span> <span class='ocrx_word' id='word_1_222' title='bbox 889 3315 1331 3413; x_wconf 51' lang='lat' dir='ltr'>haruspices‘respondissent</span> 
     </span>
     <span class='ocr_line' id='line_1_30' title="bbox 275 3439 1328 3517; baseline -0.003 -15"><span class='ocrx_word' id='word_1_223' title='bbox 275 3441 359 3502; x_wconf 89' lang='lat' dir='ltr'>bello</span> <span class='ocrx_word' id='word_1_224' title='bbox 383 3440 472 3501; x_wconf 87' lang='lat' dir='ltr'>civili</span> <span class='ocrx_word' id='word_1_225' title='bbox 496 3446 659 3500; x_wconf 89' lang='lat' dir='ltr'>cruentum</span> <span class='ocrx_word' id='word_1_226' title='bbox 687 3441 763 3500; x_wconf 78' lang='lat' dir='ltr'>iore.</span> <span class='ocrx_word' id='word_1_227' title='bbox 807 3439 912 3516; x_wconf 89' lang='lat' dir='ltr'>Igitur</span> <span class='ocrx_word' id='word_1_228' title='bbox 936 3440 1084 3517; x_wconf 88' lang='lat' dir='ltr'>perlectis</span> <span class='ocrx_word' id='word_1_229' title='bbox 1109 3439 1234 3515; x_wconf 88' lang='lat' dir='ltr'>litteris,</span> <span class='ocrx_word' id='word_1_230' title='bbox 1259 3459 1328 3500; x_wconf 92' lang='lat' dir='ltr'>cum</span> 
     </span>
     <span class='ocr_line' id='line_1_31' title="bbox 228 3545 1330 3625; baseline -0.005 -15"><span class='ocrx_word' id='word_1_231' title='bbox 228 3565 258 3610; x_wconf 84' lang='lat' dir='ltr'>ao</span> <span class='ocrx_word' id='word_1_232' title='bbox 276 3547 363 3625; x_wconf 90' lang='lat' dir='ltr'>prius</span> <span class='ocrx_word' id='word_1_233' title='bbox 385 3565 493 3606; x_wconf 90' lang='lat' dir='ltr'>omnes</span> <span class='ocrx_word' id='word_1_234' title='bbox 518 3546 607 3622; x_wconf 88' lang='lat' dir='ltr'>signa</span> <span class='ocrx_word' id='word_1_235' title='bbox 632 3564 689 3605; x_wconf 88' lang='lat' dir='ltr'>sua</span> <span class='ocrx_word' id='word_1_236' title='bbox 709 3545 938 3620; x_wconf 87' lang='lat' dir='ltr'>cognovissent,</span> <span class='ocrx_word' id='word_1_237' title='bbox 961 3550 1089 3605; x_wconf 89' lang='lat' dir='ltr'>senatus</span> <span class='ocrx_word' id='word_1_238' title='bbox 1110 3545 1251 3605; x_wconf 89' lang='lat' dir='ltr'>decernit</span> <span class='ocrx_word' id='word_1_239' title='bbox 1271 3545 1330 3621; x_wconf 90' lang='lat' dir='ltr'>uti,</span> 
     </span>
     <span class='ocr_line' id='line_1_32' title="bbox 277 3648 1330 3728; baseline -0.002 -16"><span class='ocrx_word' id='word_1_240' title='bbox 277 3651 420 3712; x_wconf 89' lang='lat' dir='ltr'>abdicato</span> <span class='ocrx_word' id='word_1_241' title='bbox 435 3651 630 3727; x_wconf 88' lang='lat' dir='ltr'>magistratu,</span> <span class='ocrx_word' id='word_1_242' title='bbox 646 3650 801 3709; x_wconf 85' lang='lat' dir='ltr'>Lentulus</span> <span class='ocrx_word' id='word_1_243' title='bbox 816 3649 955 3728; x_wconf 89' lang='lat' dir='ltr'>itemque</span> <span class='ocrx_word' id='word_1_244' title='bbox 972 3649 1067 3710; x_wconf 87' lang='lat' dir='ltr'>ceteri</span> <span class='ocrx_word' id='word_1_245' title='bbox 1087 3649 1120 3708; x_wconf 95' lang='lat' dir='ltr'>in</span> <span class='ocrx_word' id='word_1_246' title='bbox 1139 3648 1246 3710; x_wconf 90' lang='lat' dir='ltr'>liberis</span> <span class='ocrx_word' id='word_1_247' title='bbox 1265 3669 1330 3710; x_wconf 83' lang='lat' dir='ltr'>cus</span> 
     </span>
     <span class='ocr_line' id='line_1_33' title="bbox 276 3753 1329 3833; baseline -0.004 -15"><span class='ocrx_word' id='word_1_248' title='bbox 276 3755 372 3818; x_wconf 89' lang='lat' dir='ltr'>todiis</span> <span class='ocrx_word' id='word_1_249' title='bbox 397 3756 580 3815; x_wconf 87' lang='lat' dir='ltr'>habeantur.</span> <span class='ocrx_word' id='word_1_250' title='bbox 624 3755 736 3831; x_wconf 90' lang='lat' dir='ltr'>Itaque</span> <span class='ocrx_word' id='word_1_251' title='bbox 762 3753 915 3814; x_wconf 89' lang='lat' dir='ltr'>Lentulus</span> <span class='ocrx_word' id='word_1_252' title='bbox 940 3755 974 3812; x_wconf 90' lang='lat' dir='ltr'>P.</span> <span class='ocrx_word' id='word_1_253' title='bbox 998 3754 1133 3814; x_wconf 89' lang='lat' dir='ltr'>Lentulo</span> <span class='ocrx_word' id='word_1_254' title='bbox 1158 3754 1329 3833; x_wconf 88' lang='lat' dir='ltr'>Spintheri,</span> 
     </span>
    </p>
   </div>
   <div class='ocr_carea' id='block_1_4' title="bbox 0 0 1534 4284">
    <p class='ocr_par' dir='ltr' id='par_1_4' title="bbox 0 0 1534 4284">
     <span class='ocr_line' id='line_1_34' title="bbox 0 0 1534 4284; baseline 0 0"><span class='ocrx_word' id='word_1_255' title='bbox 0 0 1534 4284; x_wconf 95' lang='lat' dir='ltr'> </span> 
     </span>
    </p>
   </div>
  </div>
 </body>
</html>
