3058 4284
256 314 322 381 144
583 325 709 381 LATIN
733 325 982 382 SELEC'PIONS

253 504 310 558 tua
323 497 385 556 fide
399 503 432 557 et
446 497 564 576 pietate
578 497 662 556 idem
685 496 870 573 mehercule,
892 498 936 556 mi
958 497 1075 574 Cicero,
1098 498 1202 560 sentio
1222 500 1305 578 quod

253 609 298 677 tu,
314 622 376 664 non
391 621 483 681 posse
504 609 590 662 tuam
612 603 731 662 famam
751 607 784 662 et
805 601 940 662 officium
962 602 1117 664 sustinere
1139 609 1175 664 ut
1197 610 1306 664 contra

253 726 325 768 eum
339 726 426 769 arma
439 708 523 768 feras
539 725 557 767 a
571 726 634 785 quo
648 713 772 767 tanturn
785 706 971 767 beneficium
986 713 1017 768 te
1039 709 1197 786 accepisse
1219 727 1304 788 prae

253 812 347 874 dices.
390 812 555 874 Caesarem
583 813 642 872 hoe
670 812 753 872 idem
781 813 985 891 probaturum
1015 813 1211 892 exploratum
1248 834 1305 892 pro

218 933 234 978 o
253 917 406 996 singulari
420 918 488 978 eius
507 918 704 978 humanitate
724 917 823 978 habeo
844 918 934 996 eique
956 918 1204 980 cumulatissime
1227 921 1304 981 satis

253 1024 410 1084 facturum
424 1029 457 1084 te
472 1030 556 1083 certo
571 1023 644 1099 scio,
659 1042 730 1083 oum
745 1022 865 1082 nullam
880 1030 1001 1101 partem
1016 1023 1092 1084 belli
1111 1030 1220 1084 contra
1233 1044 1304 1099 eum

253 1127 407 1206 suscipias
424 1145 525 1206 nsque
544 1128 646 1188 socius
668 1128 735 1188 eius
757 1127 945 1188 adversariis
967 1129 1075 1190 fueris.
1119 1130 1225 1207 Atque
1246 1129 1304 1189 boc

252 1252 315 1294 non
330 1233 431 1294 solum
446 1233 480 1292 in
495 1237 534 1309 te,
550 1233 608 1292 tali
623 1238 655 1292 et
670 1237 759 1292 tauto
782 1232 858 1307 vire,
882 1232 959 1292 satis
981 1233 1110 1294 habebit
1131 1234 1187 1294 sed
1208 1234 1302 1295 etiam

252 1338 331 1398 mihi
354 1339 422 1416 ipse
446 1356 503 1398 sua
524 1337 677 1398 concessit
702 1336 863 1397 voluntate
885 1355 925 1396 ne
946 1337 980 1396 in
1003 1338 1043 1398 iis
1067 1339 1180 1400 eastris
1202 1357 1303 1400 essem

205 1455 234 1501 10
252 1463 333 1522 quae
347 1448 456 1503 contra
469 1443 639 1502 Lentulum
655 1447 710 1502 aut
724 1443 911 1520 Pompeium
925 1443 1035 1504 futura
1048 1450 1154 1505 essent
1171 1463 1303 1523 quorum

252 1548 404 1610 beneficia
418 1547 554 1608 maxima
568 1545 724 1623 haberem,
740 1547 862 1625 sibique
878 1548 957 1608 satis
978 1566 1046 1609 esse
1063 1549 1148 1609 dixit
1168 1549 1196 1609 si
1218 1555 1303 1625 toga·

252 1660 304 1714 tus
332 1653 452 1714 urbana
479 1651 579 1712 officia
606 1652 667 1712 sibi
692 1652 920 1730 praestitissem
946 1672 1025 1730 quae
1050 1654 1146 1714 etiam
1171 1653 1247 1731 illis,
1276 1654 1304 1714 si

252 1757 376 1834 vellem,
397 1764 557 1837 praestare
577 1776 711 1835 possem.
754 1757 866 1836 Itaque
887 1777 970 1818 nunc
991 1759 1110 1819 Romae
1127 1760 1233 1820 omnia
1251 1778 1303 1819 ne·

252 1864 337 1940 gotia
364 1863 492 1923 Lentuli
520 1881 653 1941 procuro
676 1862 817 1923 sustineo
844 1881 1009 1941 meumque
1031 1863 1175 1939 officium,
1198 1864 1303 1940 fidem,

202 1980 233 2026 rc
251 1970 401 2047 pietatem
423 1967 463 2028 iis
485 1974 617 2046 praesto.
661 1967 723 2028 Sed
744 1967 919 2028 mehercule
942 1987 1051 2028 rursus
1068 1969 1130 2029 iam
1149 1970 1303 2029 abiectam

252 2073 488 2152 compositionis
504 2092 590 2151 spem
602 2092 665 2133 nen
677 2073 964 2150 desperatissimam
978 2092 1045 2134 esse
1057 2080 1143 2152 puto,
1155 2074 1304 2152 quoniam

251 2179 366 2241 Cacsar
379 2185 428 2238 est
441 2197 480 2238 ea
492 2184 597 2238 mente
612 2196 706 2255 quam
720 2183 829 2256 optare
843 2178 1001 2240 debemus.

291 2284 360 2344 Hac
376 2302 408 2342 re
423 2282 502 2342 mihi
516 2282 629 2362 placet,
645 2283 672 2342 si
686 2282 746 2343 tibi
761 2282 896 2358 videtur,
915 2289 947 2343 te
961 2284 1002 2344 ad
1022 2302 1093 2344 eum
1116 2285 1250 2345 scribere
1271 2291 1304 2346 et

251 2389 291 2448 ab
304 2407 340 2448 eo
354 2388 546 2467 praesidium
562 2392 678 2467 petere,
698 2393 735 2447 ut
749 2388 872 2466 petiisti
894 2407 912 2448 a
933 2389 1084 2467 Pompeio
1104 2407 1154 2448 me
1175 2389 1303 2467 quidem

202 2505 232 2552 ac
251 2494 443 2572 adprobante
457 2492 652 2571 temporibus
668 2492 862 2553 Milonianis.
905 2494 1086 2567 Praestabc‚
1099 2494 1127 2554 si
1139 2494 1303 2556 Caesarem

249 2600 327 2660 bene
348 2599 431 2674 novi,
453 2617 525 2658 emn
546 2597 635 2676 prius
656 2603 729 2658 tuae
751 2597 917 2674 dignitatis
940 2617 1032 2676 quarn
1056 2616 1130 2658 suae
1150 2596 1303 2658 utilitatis

249 2704 402 2764 rationem
415 2703 605 2764 habiturum.

289 2809 377 2869 Haec
392 2827 485 2886 quam
500 2807 673 2886 prudenter
688 2807 748 2868 tibi
763 2808 895 2868 scribam
912 2808 1018 2868 neseio
1040 2809 1094 2868 sed
1117 2807 1197 2868 illud
1218 2813 1302 2868 certe

250 2915 323 2989 seio,
352 2933 401 2973 me
426 2914 466 2974 ab
487 2912 641 2988 singulari
662 2931 766 2972 amore
789 2932 823 2972 ac
845 2912 1065 2974 benevolentia
1086 2931 1301 2990 quaecumque

200 3029 230 3074 25
249 3020 351 3081 scribo
365 3019 425 3080 tibi
441 3019 574 3079 scribere
589 3019 673 3096 quod
687 3025 719 3078 te
742 3018 802 3096 (ita
822 3019 972 3079 incolumi
993 3019 1126 3080 Caesare
1147 3019 1301 3100 moriani)

247 3125 331 3186 tanti
346 3125 428 3184 facio
443 3131 479 3184 ut
494 3143 609 3203 paucos
625 3142 722 3201 aeque
738 3143 773 3184 ac
787 3132 819 3184 te
834 3143 921 3185 caros
936 3124 1077 3185 habeam.
1119 3125 1167 3184 De
1188 3124 1247 3184 hac
1269 3142 1302 3183 re

248 3249 319 3290 cum
348 3229 469 3307 aliquid
498 3228 710 3304 constitueris,
739 3229 836 3290 velim
864 3230 943 3289 mihi
965 3230 1091 3290 scribas.
1134 3230 1217 3290 Nam
1240 3249 1303 3289 non

248 3335 447 3394 mediocriter
462 3334 568 3394 laboro
588 3339 624 3393 ut
644 3333 781 3411 utrique,
803 3340 839 3395 ut
859 3333 918 3410 vis,
941 3341 1028 3418 tuam
1049 3333 1302 3395 benevolentiam

248 3445 408 3518 praestare
425 3438 528 3517 possis
549 3457 643 3517 quam
666 3437 841 3500 mehercule
862 3445 895 3501 te
915 3444 1147 3518 praestaturum
1168 3439 1301 3500 confido.

200 3551 230 3598 30
248 3545 311 3606 Fac
326 3544 440 3605 valeas.
