3058 4284
554 315 739 373 olcnRO’s
763 315 945 372 LETTERS
1206 302 1274 370 143

221 488 365 548 dedecori
395 488 456 547 sim
479 487 594 547 studiis
618 507 655 548 ac
683 487 800 548 litteris
828 488 954 546 nostris.
998 488 1154 547 Consumo
1175 485 1273 562 igitur

221 610 312 653 omne
333 597 460 670 tempus
485 591 686 652 considerans
710 590 899 669 quantavis
923 590 966 651 sit
988 589 1076 650 illius
1098 590 1159 649 viri
1180 608 1274 667 quem

221 697 338 758 nostris
353 697 444 758 libris
463 696 540 758 satis
562 696 740 772 diligenter,
761 701 798 756 ut
818 695 878 757 tibi
899 696 1027 774 quidem
1048 695 1201 770 ridemur,
1224 715 1275 755 ex·

221 803 399 881 pressimus.
442 804 585 863 Tenesne
599 802 696 878 igitur
710 801 935 861 moderatorem
951 800 1040 860 illum
1063 801 1108 860 rei
1131 800 1274 878 publicae

221 927 283 987 quo
305 908 422 968 referre
446 907 581 968 velimus
606 907 736 967 omnia?
777 907 861 966 Nam
887 906 931 966 sic
955 905 1076 984 quinto,
1096 912 1133 966 ut
1154 906 1309 984 opinens

221 1014 255 1073 in
276 1013 356 1074 libro
377 1012 518 1091 loquitur
540 1012 662 1090 Scipio:
686 1014 752 1074 ‘Ut
772 1011 856 1071 enim
879 1011 1078 1088 gubernatori
1099 1031 1209 1072 cursus
1232 1029 1276 1071 se-

221 1119 350 1193 cundus,
366 1118 488 1178 medico
503 1118 598 1193 salus,
613 1117 795 1196 imperatori
812 1117 954 1193 victoria,
977 1117 1022 1178 sic
1043 1117 1116 1176 huie
1139 1117 1276 1177 modera-

221 1225 283 1284 tori
297 1223 342 1283 rei
356 1223 501 1302 publicae
516 1223 607 1284 beata
620 1223 735 1283 civium
756 1222 824 1283 vita
844 1221 1006 1302 proposita
1027 1229 1084 1298 est,
1105 1227 1142 1282 ut
1162 1221 1274 1301 opibus

221 1328 321 1404 firma,
351 1328 449 1407 copiis
477 1328 626 1407 locuples,
655 1327 755 1405 gloria
782 1326 896 1406 ampla,
920 1327 1039 1388 virtute
1063 1328 1197 1389 honesta
1222 1326 1273 1386 sit.

222 1433 327 1494 Huius
342 1434 426 1494 enim
441 1433 544 1512 operis
560 1433 690 1494 maximi
704 1433 786 1492 inter
800 1433 941 1494 homines
953 1440 1048 1511 atque
1059 1432 1172 1511 optimi
1183 1431 1274 1491 illum
1294 1445 1323 1492 10

223 1557 290 1600 esse
317 1539 525 1616 perfectorem
553 1538 644 1598 volo!
693 1538 764 1598 Hoc
792 1538 919 1598 Gnaeus
947 1544 1054 1598 noster
1080 1556 1152 1597 cum
1181 1542 1275 1597 antea

222 1662 394 1721 numquam
409 1650 477 1705 tum
494 1643 528 1704 in
545 1644 605 1704 hac
625 1661 719 1704 causa
739 1643 867 1703 minime
889 1643 1048 1720 cogitavit.
1091 1641 1275 1702 Dominatio

223 1749 366 1826 quaesita
378 1749 419 1810 ab
433 1754 567 1826 utroque
581 1754 638 1824 est,
653 1767 717 1808 non
730 1746 765 1808 id
779 1754 884 1808 aetum
898 1748 991 1809 beata
1004 1754 1036 1809 et
1052 1748 1186 1808 honesta
1202 1747 1276 1807 civi-

222 1861 271 1915 tas
284 1861 319 1914 ut
333 1860 425 1915 esset.
467 1855 534 1915 Nec
549 1873 622 1915 vero
639 1853 694 1914 ille
716 1854 826 1914 urbem
846 1853 976 1931 reliquit
997 1853 1080 1930 quod
1103 1871 1170 1913 eam
1192 1851 1275 1912 tueri

222 1978 286 2019 non
300 1965 407 2037 posset
421 1978 478 2021 nec
493 1959 621 2020 Italiam
636 1959 720 2037 quod
734 1977 771 2019 ea
787 1958 956 2037 pelleretur
978 1958 1033 2019 sed
1053 1958 1112 2018 hoc
1133 1977 1153 2018 a
1173 1957 1275 2036 primo
1295 1973 1324 2018 15

222 2065 382 2141 cogitavit,
398 2083 505 2126 omnes
520 2070 630 2140 terras,
645 2065 751 2125 omnia
764 2063 864 2124 maria
878 2081 1011 2139 movere,
1026 2081 1115 2140 reges
1128 2063 1275 2124 barbaros
1351 2074 1353 2078 ’

222 2169 362 2246 incitare,
378 2176 487 2247 gentes
506 2170 592 2230 ieras
614 2175 750 2230 armatas
771 2169 805 2228 in
827 2168 955 2229 Italiam
976 2168 1138 2244 adducere,
1161 2167 1276 2228 exerci-

223 2279 275 2335 tus
290 2275 443 2336 conficere
460 2273 622 2336 maximos.
667 2275 775 2336 Genus
790 2273 872 2334 illud
887 2273 1010 2334 Sullani
1025 2274 1114 2350 regni
1129 2273 1192 2334 iam
1214 2273 1276 2352 pri-

223 2378 295 2439 dem
309 2379 469 2458 appetitur
483 2379 593 2440 multis
609 2380 663 2458 qui
677 2399 740 2440 una
755 2386 829 2440 sunt
843 2378 1050 2457 cupientibus.
1094 2378 1147 2438 An
1167 2397 1275 2439 censes

222 2485 304 2544 nihil
318 2484 402 2545 inter
416 2503 469 2547 eos
483 2485 657 2560 convenire,
680 2484 801 2545 nullam
822 2483 1000 2563 pactionem
1017 2483 1086 2544 fieri
1103 2484 1274 2563 potuisse?
1295 2498 1325 2545 ao

224 2589 329 2650 Hodie
343 2595 456 2669 potest.
500 2589 562 2650 Sed
576 2590 681 2650 neutri
695 2593 800 2654 σκοπὸς
815 2595 864 2650 est
878 2588 933 2649 ille
948 2595 984 2650 ut
997 2608 1054 2651 nos
1065 2589 1150 2650 beati
1163 2589 1276 2665 simus3

225 2701 356 2773 uterque
370 2713 499 2773 regnare
514 2695 592 2756 vult.

728 2879 768 2942 25

308 3039 379 3104 Ser.
398 3039 532 3104 Romae
556 3040 587 3103 V
599 3044 665 3104 cut
682 3040 741 3102 IV
754 3040 809 3102 Id.
827 3041 937 3104 Mart.
957 3060 988 3103 a.
1009 3039 1084 3108 705
1106 3039 1195 3118 (49).

516 3135 519 3144 v
535 3186 643 3243 Balbus
660 3186 789 3244 Ciceroni
806 3186 879 3256 Imp.
898 3185 958 3242 Sal.

265 3324 295 3384 S.
310 3325 348 3386 V.
364 3325 401 3384 B.
429 3325 639 3402 Posteaquam
653 3323 777 3385 litteras
791 3341 971 3384 communes
985 3342 1056 3383 cum
1072 3323 1175 3402 Oppio
1189 3323 1230 3384 ad
1244 3330 1277 3385 te

224 3428 306 3503 dedi,
321 3428 360 3490 ab
375 3429 508 3491 Caesare
523 3429 691 3507 epistulam
706 3429 811 3507 accepi
826 3428 915 3490 cuius
930 3429 1108 3507 exemplum
1124 3429 1183 3490 tibi
1194 3429 1275 3490 misi.

224 3535 274 3593 Ex
288 3553 351 3612 qua
363 3533 539 3613 perspicere
553 3535 671 3613 poteris
686 3553 779 3612 quam
795 3534 901 3613 cupiat
921 3535 1115 3594 concordiam
1138 3555 1226 3595 suam
1247 3541 1278 3595 et
1297 3555 1326 3600 25

225 3639 356 3718 Pompei
373 3639 573 3700 reconciliare
595 3646 627 3700 et
648 3659 742 3718 quarn
760 3645 898 3700 remotus
920 3640 963 3700 sit
984 3641 1024 3700 ab
1045 3641 1130 3700 omni
1147 3639 1277 3701 crudeli-

224 3749 307 3820 tate3
330 3745 413 3822 quod
434 3762 506 3805 eum
527 3746 653 3822 sentire,
670 3751 708 3805 ut
722 3745 827 3822 debe0,
844 3746 937 3806 valde
954 3746 1082 3823 gaudeo.
1124 3747 1224 3805 Dete
1246 3750 1278 3804 et
1392 3745 1393 3750 ’
