3058 4284
266 293 331 362 118
592 306 717 362 LATIN
742 305 991 364 SELEC'PIONS

263 484 405 538 nostrum
417 479 473 539 sed
486 478 584 539 virtus
600 483 707 538 nostra
717 497 774 538 nos
785 477 926 553 adflixit;
948 484 1111 556 peccatum
1122 483 1171 538 est
1181 476 1314 549 nullum,

263 583 325 644 uisi
340 584 424 661 quod
438 602 500 643 uon
514 602 577 643 una
591 583 725 644 animam
741 601 810 642 cum
833 583 1024 643 ornamentis
1039 583 1209 643 amisimus.
1254 581 1314 642 Sed

264 687 356 749 sihoc
367 689 431 748 fuit
439 687 548 749 liberis
557 687 673 749 nostris
685 688 805 765 gratius
815 707 871 748 uos
881 673 996 763 vivere,
1004 694 1115 763 cetera,
1126 706 1315 765 quamquam

264 794 394 853 ferenda
408 812 470 852 non
486 799 568 868 sunt,
583 794 732 854 feramus.
777 793 877 870 Atqui
897 811 955 869 ego
969 793 1024 871 qui
1038 799 1069 854 te
1084 792 1233 853 confirmo
1247 793 1314 870 ipse

230 915 244 960 t
263 918 388 959 menon
410 918 549 977 possum.
593 899 737 960 Clodium
758 898 1006 972 Philhetaerum,
1028 899 1112 976 quod
1133 897 1314 959 valetudiue

263 1002 422 1065 oculorum
432 1004 670 1082 impediebatur,
681 1003 837 1064 homiuem
854 1003 987 1078 fidelem,
999 1002 1113 1064 remisi.
1157 1002 1315 1063 Salustius

168 1100 170 1105 ’
263 1108 363 1168 officio
386 1109 485 1169 vincit
512 1128 627 1169 omnes.
669 1109 860 1170 Pescennius
889 1114 938 1169 est
959 1108 1178 1187 perbenivolus
1207 1108 1313 1184 nobis;

263 1233 354 1292 quem
371 1233 492 1294 semper
507 1232 597 1291 spero
617 1213 665 1274 tui
679 1214 748 1274 lore
769 1215 994 1274 observantem.
1038 1213 1127 1274 Sicca
1144 1213 1267 1272 dixerat
1282 1231 1314 1273 se

263 1338 383 1379 mecum
405 1319 472 1378 fore
495 1319 549 1378 sed
570 1318 741 1378 Brundisio
762 1319 917 1379 discessit.
961 1319 1053 1392 Cura,
1069 1318 1152 1395 quod
1167 1325 1264 1396 potes,
1280 1323 1316 1378 ut

215 1439 245 1484 1o
264 1425 368 1486 valeas
389 1431 422 1484 et
443 1425 487 1485 sic
509 1424 670 1484 existimes
692 1443 741 1484 me
763 1424 979 1484 vehementius
1000 1429 1056 1484 tua
1074 1423 1200 1484 miseria
1221 1442 1315 1501 quam

263 1549 332 1590 mea
358 1529 553 1590 commoveri.
597 1530 670 1589 Mea
696 1529 852 1604 Terentia,
882 1528 1035 1588 fidissima
1068 1533 1162 1607 atque
1197 1528 1316 1606 optima

185 1638 188 1646 '
262 1654 351 1710 uxor,
367 1642 399 1694 et
413 1653 482 1696 mea
496 1635 658 1694 carissima
672 1633 770 1694 filiola
791 1639 823 1694 et
844 1652 916 1712 spes
930 1633 1052 1710 reliqua
1065 1638 1181 1708 nostra,
1197 1633 1314 1708 Cicero,

263 1739 372 1800 valete.
414 1741 465 1799 Pr.
481 1739 522 1798 K.
538 1739 613 1800 Mai.
630 1739 806 1799 Brundisio.

404 2190 475 2252 Sor.
495 2189 628 2251 Romae
643 2189 735 2250 med.
750 2209 797 2250 m.
815 2189 906 2268 Sept.
927 2208 957 2251 c.
979 2188 1052 2255 697
1075 2188 1163 2255 (57).

639 2333 735 2391 cicero
753 2335 853 2390 Attico
872 2334 932 2390 sal.

303 2474 381 2535 Cum
396 2473 530 2553 primum
548 2473 680 2532 Romam
696 2472 769 2532 veni
785 2472 910 2549 fuitque
925 2472 976 2532 cui
990 2478 1074 2532 recte
1088 2472 1129 2532 ad
1143 2477 1174 2532 te
1192 2471 1314 2532 litteras

216 2597 244 2643 15
263 2580 379 2654 darem,
395 2578 475 2637 nihil
490 2578 577 2656 prius
593 2577 771 2637 faciendum
788 2576 867 2635 mihi
882 2577 991 2655 putavi
1013 2595 1107 2654 quam
1128 2585 1164 2637 ut
1185 2577 1244 2636 tibi
1265 2577 1315 2636 ab

263 2684 345 2746 senti
359 2683 398 2742 de
413 2683 518 2742 reditu
531 2688 637 2742 nostro
652 2681 835 2758 gratularer.
878 2683 1051 2758 Cognoram
1071 2682 1164 2758 enim,
1186 2688 1221 2741 ut
1243 2700 1314 2741 vere

263 2790 405 2863 scribam,
421 2795 452 2848 te
466 2788 500 2847 in
515 2787 656 2848 consiliis
671 2785 750 2846 mihi
771 2786 885 2847 dandis
907 2805 963 2846 nec
984 2786 1145 2846 fortiorem
1167 2805 1224 2847 nec
1245 2806 1315 2864 pru-

262 2895 435 2955 dentiorem
452 2912 544 2970 quam
558 2912 606 2952 me
623 2893 727 2971 ipsum
745 2911 801 2952 nec
817 2892 913 2951 etiam
928 2911 985 2969 pro
999 2891 1169 2969 praeterita
1191 2909 1259 2950 mea
1280 2892 1314 2951 iu

261 3007 293 3059 te
308 2998 507 3060 observantia
529 2997 661 3057 nimium
677 2997 710 3056 iu
724 2997 868 3058 custodia
890 2996 1001 3057 salutis
1022 3014 1108 3056 meae
1129 2995 1313 3072 diligentem

214 3122 243 3166 20
262 3105 457 3182 eundemque
471 3110 511 3178 te,
528 3104 582 3181 qui
598 3103 707 3182 primis
725 3102 918 3181 temporibus
939 3101 1052 3162 erroris
1067 3101 1167 3161 nostri
1188 3108 1243 3162 aut
1264 3120 1315 3178 po

261 3210 326 3270 tius
341 3210 456 3270 furoris
470 3209 628 3287 particeps
643 3215 675 3268 et
689 3208 764 3268 falsi
778 3208 901 3268 timoris
921 3207 1021 3268 socius
1043 3207 1168 3282 fuisses,
1185 3207 1315 3267 acerbis-

262 3317 339 3378 sime
354 3317 519 3377 discidium
536 3321 678 3377 nostrum
689 3316 802 3376 tulisse
817 3315 1050 3393 plurimumque
1065 3332 1186 3392 operae,
1206 3314 1313 3389 studii,

261 3422 453 3499 diligentiae,
482 3421 598 3483 laboris
626 3421 667 3482 ad
695 3420 922 3481 conficiendum
948 3419 1084 3479 reditum
1114 3437 1217 3480 meum
1246 3438 1314 3480 con-

261 3528 381 3590 tulisse.
423 3529 536 3605 Itaque
551 3526 609 3586 hoc
623 3525 683 3587 tibi
698 3545 769 3586 vere
784 3524 925 3600 adfirmo,
941 3525 975 3584 in
990 3524 1130 3584 maxima
1144 3524 1267 3585 laetitia
1281 3529 1314 3584 et

213 3651 242 3696 2⁵
261 3633 499 3712 exoptatissima
514 3631 725 3708 gratulatione
739 3650 834 3690 unum
856 3631 896 3690 ad
916 3629 1140 3691 cumulandum
1163 3629 1314 3706 gaudium

261 3744 462 3816 conspectum
490 3743 545 3798 aut
579 3737 685 3815 potius
713 3735 910 3813 complexum
940 3735 1017 3794 mihi
1044 3742 1135 3795 tuum
1163 3735 1312 3796 defuisse.
