3038 4278
280 281 324 349 12
608 293 734 352 LATIN
758 294 1010 354 sncnc'floNs

277 464 433 525 dicuntur.
489 464 610 536 Quibus
638 465 767 527 indictis
800 466 959 545 extemplo
991 466 1181 545 quicumque
1210 467 1333 546 aliquid

279 569 428 630 seditiose
442 569 566 630 dixerat
580 576 635 630 aut
649 571 767 632 fecerat
788 591 946 649 umquam,
961 571 1096 632 maxime
1113 572 1286 648 tribunicii,
1301 579 1333 632 et

278 693 425 753 prensare
439 675 583 736 homines
598 681 630 735 et
650 694 834 736 concursare
855 682 923 737 toto
936 677 1007 737 foro
1021 677 1183 737 candidati
1198 696 1332 756 coepere,

277 787 314 840 ut
335 779 482 858 patricios
504 781 681 858 desperatio
703 781 806 860 primo
829 781 961 842 inritata
984 781 1075 861 plebe
1097 782 1260 860 apiscendi
1281 783 1333 843 ho

243 885 372 962 enoris,
395 886 509 946 deinde
533 885 718 962 indignatio,
735 886 847 946 sicum
870 886 921 947 his
943 887 1097 963 gerendus
1121 893 1204 949 esset
1223 888 1331 964 honos,

277 991 456 1052 deterreret.
498 992 661 1052 Postremo
682 991 783 1052 coacti
803 997 941 1053 tamena
956 992 1145 1070 primoribus
1159 993 1277 1070 petiere
1291 1011 1332 1052 ne

277 1095 407 1156 cessisse
422 1096 617 1174 possessione
633 1096 678 1158 rei
689 1096 833 1174 publicae
845 1097 1037 1158 viderentur.
1066 1097 1209 1157 Eventus
1225 1116 1331 1156 eorum

277 1201 475 1262 comitiorum
501 1201 610 1262 docuit
636 1201 715 1262 alios
743 1202 865 1262 animos
891 1202 926 1262 in
950 1185 1149 1262 contentione
1175 1201 1332 1263 libertatis

277 1307 516 1385 dignitatisque,
531 1306 610 1367 alios
625 1307 795 1367 secundum
811 1308 956 1385 deposita
966 1307 1138 1368 certamina
1151 1307 1332 1385 incorrupto

230 1423 259 1470 10
277 1412 395 1472 iudicio
408 1430 490 1488 esse3
512 1412 654 1473 tribunos
669 1413 751 1472 enim
768 1430 875 1474 omnes
889 1413 1038 1491 patricios
1053 1413 1173 1472 creavit
1186 1413 1332 1490 populus,

277 1522 443 1578 contentus
471 1536 508 1578 eo
533 1517 617 1594 quod
644 1517 725 1578 ratio
749 1517 860 1578 habita
883 1516 1074 1596 plebeiorum
1104 1522 1195 1578 esset.
1239 1518 1333 1578 Hanc

277 1622 463 1683 modestiam
478 1623 730 1700 aequitatemque
745 1628 777 1682 et
798 1621 999 1683 altitudinem
1020 1622 1118 1682 animi
1131 1622 1188 1683 ubi
1201 1641 1284 1683 nunc
1299 1623 1333 1682 in

276 1746 340 1788 uno
354 1726 521 1804 inveneris,
536 1733 698 1805 quactum
712 1727 821 1805 populi
835 1726 975 1788 universi
989 1728 1070 1789 fuitt
1089 1723 1090 1726 '

687 1939 742 1990 The
759 1940 921 2002 censor-susp.

318 2045 414 2107 Hune
428 2065 545 2109 annum
555 2063 661 2106 —seu
674 2046 818 2106 tribunos
834 2046 925 2106 modo
947 2064 1003 2107 seu
1023 2045 1162 2108 tribunis
1183 2046 1331 2109 suffectos

229 2172 258 2219 1o
277 2152 420 2214 consules
435 2171 558 2230 quoque
578 2150 893 2228 habuit-sequitur
914 2170 1015 2212 annus
1037 2151 1122 2212 haud
1143 2151 1248 2212 dubiis
1262 2170 1332 2211 con-

277 2257 398 2318 sulibus
413 2259 455 2316 M.
472 2257 613 2333 Geganio
626 2256 787 2316 Macerino
802 2256 925 2332 iterum,
941 2259 976 2316 Τ.
993 2256 1140 2328 Quinctio
1151 2254 1331 2334 Capitolino

230 2395 231 2400 κ
277 2363 422 2440 quintum
439 2361 608 2442 [consule]
652 2362 743 2421 Idem
756 2361 808 2422 bic
829 2381 930 2422 annus
952 2380 1101 2422 censurae
1115 2361 1242 2421 initium
1257 2361 1330 2436 fuit,

276 2468 322 2528 rei
350 2487 369 2528 a
392 2485 490 2545 parva
513 2467 633 2543 origine
659 2472 753 2541 ortae,
780 2486 859 2544 quae
885 2466 999 2526 deinde
1024 2472 1114 2527 tanto
1138 2467 1331 2526 incremento

276 2578 368 2633 aucta
392 2578 449 2648 est,
474 2577 510 2632 ut
536 2591 657 2630 morum
687 2571 935 2650 disciplinaeque
960 2574 1119 2632 Romanae
1139 2590 1234 2650 penes
1261 2588 1330 2631 eam

228 2695 258 2742 ao
276 2677 423 2755 regimen,
440 2682 473 2736 iu
488 2683 600 2738 senatu
616 2677 820 2754 equitumque
841 2677 993 2737 centuriis
1015 2676 1136 2737 decoris
1159 2676 1331 2736 dedecoris-

276 2802 337 2861 que
352 2782 520 2844 discrimen
535 2783 593 2844 sub
607 2781 729 2842 dicione
750 2782 818 2842 eius
832 2781 1045 2858 magistratus,
1060 2781 1111 2842 ius
1132 2781 1327 2860 publicorum

275 2889 531 2966 privatorumque
544 2886 692 2963 locorum,
708 2886 875 2963 vectigalia
896 2887 1005 2964 populi
1019 2886 1155 2946 Romani
1170 2886 1228 2946 sub
1248 2892 1329 2945 nutu

276 2999 370 3070 atquc
392 2993 522 3053 arbitrio
543 2998 656 3053 essent.
698 2991 811 3053 Ortum
833 2997 937 3052 autem
958 2991 1088 3051 initium
1102 2996 1151 3052 est
1172 2990 1227 3065 rei,
1242 2990 1328 3068 quod

276 3099 310 3158 in
331 3096 447 3177 populo
470 3116 526 3176 per
550 3097 666 3158 multos
692 3115 790 3158 annos
811 3096 939 3156 incenso
960 3114 1062 3174 neque
1085 3095 1190 3156 differi
1215 3113 1327 3156 census

227 3217 256 3263 25
275 3209 399 3281 poterat
413 3221 514 3280 neque
535 3201 723 3278 consulibus,
746 3221 816 3261 curn
830 3207 879 3262 tot
900 3200 1086 3280 populorum
1101 3200 1185 3261 bella
1205 3200 1328 3261 immin·

275 3314 372 3384 erent,
387 3327 498 3386 operae
513 3315 580 3368 erat
600 3307 635 3367 id
654 3308 815 3382 negotium
836 3325 937 3383 agere.
979 3306 1102 3368 Montio
1122 3306 1222 3366 inlata
1243 3306 1327 3384 apud

275 3419 419 3475 senatum
447 3419 496 3474 est
525 3432 590 3472 rem
618 3431 779 3492 operosam
813 3431 850 3473 ac
884 3412 1013 3472 minime
1041 3411 1237 3472 consularem
1271 3431 1327 3472 suo

274 3520 401 3599 proprio
424 3519 612 3596 magistratu
639 3537 738 3594 egere,
760 3518 811 3578 cui
833 3519 1005 3579 scribarum
1026 3517 1238 3578 ministerium
1260 3536 1327 3578 cus·

273 3625 439 3702 todiaeque
453 3624 631 3685 tabularum
646 3643 727 3698 cura,
743 3624 794 3683 cui
814 3623 980 3684 arbitrium
1002 3622 1156 3684 formulae
1177 3623 1326 3684 censendi

225 3741 255 3788 30
273 3730 474 3792 subiceretur.
515 3731 559 3789 Et
572 3734 677 3808 patres
692 3747 882 3806 quamquam
896 3746 962 3789 rem
983 3747 1122 3807 parvam,
1137 3733 1244 3788 tamen
1264 3747 1328 3805 quo
