3038 4278
405 387 535 448 LIVY'S
558 389 709 446 ROMAN
733 388 913 446 HISTORY
1146 377 1186 445 ll

490 634 544 686 aaa
562 636 690 687 maculer
708 635 837 685 tribanos,

172 766 249 828 Cum
266 767 300 828 in
314 767 491 828 contionem
502 766 646 828 consules
658 767 884 846 processissent
894 771 927 828 et
937 786 987 828 res
998 768 1188 845 apcrpetuis

132 872 327 934 orationibus
338 873 372 932 in
389 872 624 933 altercationem
641 872 799 948 vertisset,
815 872 896 933 alter
912 871 1037 949 roganti
1051 873 1188 948 tribune,

131 997 188 1039 cur
205 978 362 1057 plebeium
378 978 538 1038 consulem
553 976 622 1039 fieri
637 997 699 1037 non
715 983 934 1055 oporteretne
955 978 1091 1038 fortasse
1106 997 1187 1053 vere,

132 1085 178 1146 sic
199 1102 308 1161 parum
332 1082 453 1143 utiliter
474 1083 508 1142 in
536 1101 684 1160 praesens
706 1089 863 1144 certamen
884 1083 1055 1161 respondit,
1083 1085 1189 1161 “quod

131 1207 224 1249 nemo
246 1188 389 1267 plebeius
406 1188 547 1266 auspicia
567 1187 705 1263 haberet,
728 1187 860 1265 ideoque
883 1188 1075 1249 decemviros
1100 1203 1223 1248 nonu-o

132 1294 219 1354 bium
254 1294 428 1369 diremisse,
457 1311 497 1354 ne
530 1294 652 1353 incerta
678 1293 765 1372 prole
793 1294 935 1372 auspicia
956 1294 1188 1356 turbarentur.''

132 1399 247 1459 Plebes
266 1399 307 1459 ad
328 1398 362 1459 id
383 1398 518 1459 maxime
538 1397 755 1475 indignatione
774 1398 901 1474 exarsit,
917 1399 1002 1476 quod
1022 1399 1187 1478 auspicari,

130 1510 293 1582 tamqnam
315 1503 412 1564 invisi
439 1503 501 1564 diis
528 1503 757 1576 inmortalibus,
780 1511 967 1579 negarentur
992 1523 1101 1582 posse;
1131 1523 1188 1566 nee

131 1615 206 1672 ante
228 1609 302 1670 finis
322 1609 560 1670 contentionum
582 1607 655 1683 fuit,
676 1628 745 1668 cum
769 1615 801 1669 et
821 1609 982 1669 tribunum
1004 1610 1188 1670 acerrimum

132 1721 292 1778 auctorem
306 1713 414 1792 plebes
428 1719 522 1774 nacta
535 1719 620 1774 esset
640 1719 672 1774 et
693 1713 764 1792 ipsa
783 1732 852 1774 cum
875 1733 912 1774 eo
933 1715 1108 1792 pertinacia
1129 1726 1237 1776 cer-10

131 1827 224 1896 taret,
240 1839 334 1898 quam
349 1819 427 1880 victi
440 1820 569 1880 tandem
583 1825 697 1899 patres,
713 1825 749 1879 ut
763 1819 802 1880 de
816 1820 949 1880 conubio
963 1819 1108 1896 ferretur,
1121 1840 1190 1881 con-

131 1944 263 2000 cessere,
278 1925 325 1986 ita
339 1924 474 1986 maxime
488 1924 550 1985 rati
571 1924 802 1985 contentionem
817 1925 855 1984 de
869 1923 988 2003 plebeis
1008 1925 1188 1988 consulibus

132 2031 278 2092 tribunos
289 2036 344 2091 aut
354 2035 453 2092 totam
464 2029 660 2109 deposituros
671 2035 726 2090 aut
741 2035 812 2107 post
822 2028 940 2090 bellum
952 2031 1105 2092 dilaturos
1120 2050 1189 2093 esse

132 2141 375 2214 contentamque
389 2135 517 2195 interim
532 2134 665 2196 conubio
675 2135 797 2213 plebem
812 2141 954 2213 paratam
966 2136 1096 2196 dilectui
1111 2137 1188 2197 iore.

174 2241 253 2302 Cum
264 2241 435 2303 Canuleius
449 2240 581 2300 victoria
591 2240 631 2299 de
645 2240 787 2318 patribus
799 2246 831 2300 et
842 2240 943 2319 plebis
953 2241 1062 2302 favore
1078 2241 1188 2318 ingens
1208 2253 1236 2298 15

132 2353 226 2424 esset,
251 2346 374 2407 accensi
396 2345 452 2406 alii
476 2346 596 2406 tribuni
618 2345 660 2406 ad
685 2351 843 2406 certamen
866 2347 1106 2424 prorogatione
1132 2367 1189 2409 sua

126 2459 256 2514 'summa
270 2451 303 2512 vi
318 2456 462 2530 pugnant
481 2457 514 2511 et
535 2456 693 2511 crescente
707 2451 741 2510 in
756 2451 823 2512 dies
838 2451 925 2511 fama
945 2450 1020 2512 belli
1037 2453 1188 2516 dilectum

133 2557 310 2636 inpediunt.
375 2555 536 2633 Consules,
566 2575 637 2616 cum
665 2574 721 2634 per
749 2564 892 2617 senatum
921 2556 1187 2620 intercedentibus

132 2662 269 2724 tribunis
282 2661 364 2722 nihil
378 2662 430 2738 agi
449 2666 564 2740 posset,
579 2660 712 2720 consilia
727 2660 904 2739 principum
920 2662 1006 2725 domi
1021 2663 1186 2724 habebant.

133 2767 317 2846 Apparebat
331 2771 387 2826 aut
399 2766 543 2826 hostibus
557 2771 612 2826 aut
627 2764 747 2828 civibus
758 2766 796 2826 de
810 2766 943 2828 victoria
956 2769 1187 2830 concedendum
1206 2779 1235 2825 20

133 2891 209 2934 esse.
264 2871 330 2932 Soli
353 2889 393 2932 ex
419 2869 635 2932 consularibus
660 2870 805 2932 Valerius
830 2877 924 2949 atque
948 2874 1101 2935 Horatius
1125 2895 1187 2936 non

131 2978 307 3039 intererant
327 2975 476 3038 consiliis.
521 2976 554 3037 C.
571 2975 684 3038 Claudi
704 2977 862 3037 sententia
882 2979 1026 3039 consules
1046 2981 1188 3042 armabat

131 3083 167 3144 in
180 3083 342 3158 tribunos3
364 3081 592 3156 Quinctiorum,
608 3081 849 3160 Cincinnatique
871 3088 904 3142 et
925 3082 1107 3161 Capitolini,
1123 3104 1188 3146 sen·

131 3189 252 3250 tentiae
267 3187 476 3248 abhorrebant
490 3205 510 3252 a
527 3186 621 3248 caede
637 3186 864 3264 violandisque,
880 3207 958 3266 quos
982 3189 1108 3250 foedere
1124 3190 1187 3250 icto

131 3313 203 3354 cum
225 3293 316 3372 plebe
338 3297 551 3354 sacrosanctos
573 3291 776 3370 accepissent
818 3292 880 3352 Per
901 3292 977 3354 baec
998 3294 1131 3355 consilia
1150 3315 1187 3356 eo
1206 3311 1233 3358 25

131 3399 269 3460 deducta
289 3403 338 3458 est
365 3415 423 3473 res,
445 3402 481 3458 ut
508 3397 651 3457 tribunos
678 3396 817 3457 militnm
846 3398 1003 3460 consulari
1030 3405 1186 3478 potestate

131 3503 308 3584 promiscue
323 3521 362 3563 ex
373 3502 516 3581 patribus
530 3517 566 3562 ac
580 3501 670 3580 plebe
681 3502 780 3563 creari
795 3501 943 3579 sinerent,
956 3506 995 3565 de
1005 3505 1186 3567 consulibus

130 3609 276 3676 creandis
290 3607 372 3670 nihil
395 3613 586 3683 mutaretur3
608 3623 706 3686 eoque
727 3608 868 3668 contenti
888 3608 1018 3685 tribuni,
1039 3616 1187 3672 contenta

130 3715 222 3795 plebs
237 3714 309 3777 fuit.

172 3819 311 3884 Comitia
331 3818 468 3903 tribunis
488 3817 646 3882 consulari
668 3823 824 3896 potestate
851 3818 952 3880 tribus
976 3821 1120 3882 creandis
1141 3822 1224 3885 in-sc
