3058 4284
504 854 735 914 suuncrlous
759 857 867 915 FROM
892 856 1062 916 satiusr

565 1009 620 1068 For
644 1009 830 1067 hanelation
853 1015 885 1066 at
910 1009 998 1082 sight

390 1177 417 1228 A
430 1179 518 1229 ebetat
532 1181 565 1241 os
572 1179 681 1230 Roman
694 1180 796 1242 history
803 1182 948 1244 preceding
961 1182 1003 1232 tte
1017 1184 1179 1245 conspiracy.

295 1309 413 1370 Urbem
425 1311 567 1386 Romam,
581 1310 674 1370 sicuti
689 1329 746 1386 ego
760 1312 875 1390 accepi,
888 1312 1055 1372 condidere
1066 1320 1161 1390 atque
1172 1314 1308 1376 habuere

253 1415 346 1475 initio
361 1404 498 1490 Troiani,
510 1415 565 1492 qui
581 1416 688 1475 Aenea
702 1417 780 1476 duce
795 1417 922 1494 profugi
937 1418 1064 1478 sedibus
1076 1418 1206 1480 incertis
1218 1440 1308 1498 vaga

253 1520 375 1595 bantur,
390 1540 523 1598 cumque
536 1521 580 1580 eis
597 1521 794 1598 Aborigines,
807 1541 905 1598 genus
917 1523 1081 1583 hominum
1093 1530 1224 1602 agreste,
1240 1526 1307 1587 sine

252 1625 384 1706 legibus,
400 1626 467 1686 sine
483 1626 623 1704 imperio,
636 1626 768 1687 liberum
781 1634 876 1705 atque
892 1628 1036 1688 solutum.
1079 1629 1125 1688 Hi
1140 1636 1306 1709 postquam

217 1751 232 1795 s
252 1731 285 1788 in
306 1751 370 1791 una
391 1733 515 1791 moenia
536 1751 717 1806 convenere,
739 1732 858 1810 dispari
879 1752 999 1809 genere,
1023 1733 1171 1795 dissimili
1189 1735 1305 1812 lingua,

252 1836 307 1896 alii
322 1837 384 1896 alio
398 1856 483 1897 more
498 1837 651 1912 viventes,
664 1837 846 1896 incredibile
858 1845 1032 1898 memoratu
1047 1845 1095 1898 est
1105 1859 1201 1918 quam
1213 1841 1305 1902 facile

250 1941 439 2017 coaluerint3
455 1941 501 2002 ita
511 1942 599 2002 brevi
611 1941 783 2002 multitudo
794 1942 936 2021 dispersa
947 1950 1041 2021 atque
1051 1963 1131 2020 vaga
1142 1947 1307 2007 concordia

251 2046 363 2107 civitas
384 2047 471 2107 facta
489 2053 564 2106 erat.
609 2047 667 2106 Sed
684 2056 852 2125 postquam
870 2067 919 2108 res
939 2067 1055 2124 eorum,
1070 2049 1201 2125 civibus,
1217 2051 1307 2110 mori·

250 2151 317 2226 bus,
333 2152 416 2228 agris
439 2159 539 2227 aucta,
555 2152 633 2212 satis
656 2171 805 2231 prospera
826 2153 965 2232 satisque
987 2153 1108 2232 pollens
1132 2154 1304 2230 videbatur,

202 2271 231 2315 10
250 2256 344 2316 sicuti
366 2256 515 2334 pleraque
540 2257 720 2317 mortalium
746 2256 910 2333 habentur,
932 2259 1054 2319 invidia
1079 2279 1118 2318 ex
1145 2260 1306 2338 opulentia

249 2367 318 2420 orta
339 2368 396 2421 est.
440 2361 544 2436 igitur
564 2381 652 2437 reges
674 2361 845 2440 populique
867 2363 1006 2423 finitumi
1031 2363 1115 2424 bello
1139 2370 1304 2444 temptare,

249 2465 340 2543 pauci
370 2485 408 2525 ex
432 2466 541 2525 amicis
565 2467 683 2526 auxilio
699 2485 775 2540 esse,
800 2487 872 2527 nam
897 2469 992 2528 ceteri
1017 2475 1102 2528 metu
1128 2469 1266 2547 pereulsi
1286 2491 1305 2532 a

249 2571 397 2648 periculis
426 2571 563 2630 aberant.
614 2571 660 2630 At
688 2573 823 2633 Romani
851 2573 936 2633 domi
964 2573 1159 2652 militiaeque
1188 2573 1304 2635 intenti

249 2676 408 2750 festinare,
429 2694 547 2753 parare,
569 2676 650 2736 alius
672 2677 767 2736 alium
791 2678 921 2752 hortari,
936 2678 1080 2738 hostibus
1103 2678 1226 2738 obviam
1248 2680 1304 2754 ire,

200 2796 228 2840 lo
249 2780 434 2856 libertatem,
461 2781 606 2859 patriam,
629 2783 831 2861 parentisque
859 2782 955 2842 armis
982 2788 1095 2858 tegere.
1141 2783 1227 2860 Post,
1249 2785 1304 2845 ubi

248 2884 387 2963 pericula
415 2887 534 2946 virtute
559 2887 779 2970 propulerant,¹
802 2887 895 2948 sociis
924 2894 1018 2965 atque
1047 2888 1157 2949 amicis
1187 2889 1305 2950 auxilia

248 2991 424 3068 portabant,
455 2991 615 3069 magisque
648 2991 760 3053 dandis
793 3012 888 3071 quam
919 2993 1114 3070 accipiundis
1150 2994 1304 3055 benificiis

247 3095 401 3156 amicitias
427 3097 590 3174 parabant.
636 3097 810 3174 Imperium
833 3097 1028 3174 legitumum,
1051 3117 1166 3158 nomen
1190 3099 1303 3178 imperi

247 3200 367 3276 regium
389 3201 553 3261 habebant.
597 3202 729 3276 Deleeti,
752 3203 866 3280 quibus
887 3222 1000 3280 corpus
1021 3203 1112 3264 annis
1133 3203 1303 3280 infirmum,

197 3319 226 3362 20
248 3305 407 3382 ingenium
424 3307 580 3384 sapientia
593 3307 733 3367 validum
749 3314 824 3383 erat,
840 3308 885 3368 rei
900 3307 1045 3386 publicae
1064 3309 1302 3386 consultabant3

247 3411 277 3470 ei
297 3411 347 3470 vel
370 3416 472 3470 aetate
493 3411 544 3470 vel
569 3431 660 3472 curae
686 3412 895 3473 similitudine
919 3420 1025 3491 patres
1052 3414 1301 3491 appellabantur.

199 3536 201 3540 ’
247 3516 333 3592 Post,
356 3517 410 3576 ubi
432 3517 553 3593 regium
578 3517 755 3595 imperium,
778 3519 860 3594 quod
889 3519 982 3579 initio
1008 3521 1240 3580 conservandae
1269 3521 1304 3579 li·

247 3622 377 3683 bertatis
399 3629 493 3701 atque
515 3623 675 3700 augendae
697 3623 908 3701 reipublicae
930 3625 1043 3698 fuerat,
1066 3625 1101 3684 in
1122 3626 1301 3705 superbiam

247 3728 553 3807 dominationemque
577 3747 609 3789 se
634 3728 800 3803 convortit,
822 3728 989 3790 immutato
1014 3750 1098 3791 more
1123 3750 1227 3792 annua
1247 3731 1303 3791 im-

755 3834 792 3887 94
