3058 4284
266 315 331 382 114
593 327 718 384 LATIN
743 328 993 384 SELECTIONS

279 680 349 742 Sor.
368 679 504 742 Romae
519 681 595 757 post
619 678 771 831 VII&
790 677 895 836 gg„
909 681 993 740 arem
1010 677 1048 738 Χ
1052 677 1082 739 V
1095 676 1140 738 K.
1158 677 1244 739 Noe.
1264 695 1295 738 a.

639 897 733 957 Cicero
751 899 850 956 Attico
870 899 929 955 Sal.

303 1026 350 1086 De
364 1042 398 1085 re
412 1023 538 1103 publica
552 1021 629 1100 quid
643 1041 700 1098 ego
714 1021 773 1081 tibi
789 1020 974 1080 subtiliter?
1017 1021 1098 1081 Tota
1110 1019 1206 1098 periit
1220 1026 1314 1099 atque

262 1130 321 1190 hoc
335 1135 384 1190 est
399 1128 541 1189 miserior
560 1147 653 1206 quam
676 1125 844 1203 reliquisti,
865 1125 950 1203 quod
970 1132 1039 1186 turn
1061 1125 1226 1185 videbatur
1247 1126 1314 1186 eius

263 1235 347 1295 modi
374 1234 547 1294 dominatio
576 1233 737 1293 civitatem
758 1231 951 1309 oppressisse
972 1249 1052 1308 quae
1074 1230 1211 1290 iucunda
1231 1236 1314 1291 esset

262 1339 469 1413 multitudini,
484 1339 575 1399 bonis
589 1343 695 1398 autem
709 1337 754 1397 ita
768 1336 900 1398 molesta
913 1343 950 1396 ut
964 1341 1070 1396 tamen
1084 1335 1152 1395 sine
1166 1335 1313 1413 pernicie,

228 1469 243 1513 5
262 1465 344 1504 nuno
359 1455 486 1524 repente
501 1450 590 1505 tanto
605 1443 638 1501 in
655 1442 727 1502 odio
741 1448 790 1502 est
805 1441 949 1502 omnibus
964 1448 1000 1502 ut
1015 1460 1147 1520 quorsus
1165 1447 1314 1519 eruptura

262 1550 304 1610 sit
330 1549 520 1610 horreamus.
577 1550 659 1608 Nam
687 1547 882 1607 iracundiam
909 1553 1004 1624 atque
1039 1546 1314 1625 intemperantiam

261 1654 386 1714 illorum
403 1674 511 1715 sumus
526 1652 649 1732 experti
668 1653 723 1730 qui
745 1653 856 1714 Catoni
878 1653 951 1712 irati
973 1652 1079 1713 omnia
1100 1651 1313 1730 perdiderunt,

262 1761 317 1820 sod
333 1760 379 1820 ita
395 1760 519 1820 lenibus
536 1758 584 1819 uti
604 1759 792 1819 videbantur
812 1758 942 1818 venenis
965 1763 1001 1817 ut
1022 1776 1114 1836 posse
1135 1757 1314 1816 videremur

262 1865 329 1926 sine
343 1865 449 1926 dolore
478 1864 625 1939 interire,
660 1882 744 1923 nunc
772 1882 846 1923 vero
872 1863 973 1923 sibilis
998 1862 1092 1940 volgi,
1118 1861 1313 1924 sermonibus

214 1992 242 2036 10
261 1971 473 2044 honestorum,
489 1970 620 2030 fremitu
634 1968 747 2028 Italiae
762 1987 870 2028 vereor
881 1987 920 2028 ne
932 1968 1115 2028 exarserint.
1157 1967 1315 2044 Equidem

262 2077 434 2153 sperabam,
452 2080 487 2136 ut
510 2094 602 2152 saepe
619 2075 714 2134 etiam
737 2073 825 2151 loqui
846 2079 948 2133 tecum
971 2073 1119 2148 solebam,
1141 2072 1186 2133 sic
1208 2073 1314 2132 orbem

261 2182 306 2240 rei
335 2181 476 2259 publicas
505 2198 573 2240 esse
598 2198 781 2239 conversum
811 2184 846 2238 ut
870 2159 923 2237 v'ix
949 2177 1087 2238 sonitum
1111 2177 1229 2252 audire,
1258 2177 1312 2236 vix

261 2287 446 2364 impressam
467 2285 599 2345 orbitam
620 2284 726 2344 videre
746 2303 907 2363 possemus
918 2306 926 2358 ;
952 2289 983 2344 et
999 2283 1115 2344 fuisset
1135 2282 1190 2357 ita,
1211 2282 1239 2342 si
1260 2283 1314 2342 ho

262 2391 361 2451 mines
375 2364 545 2451 transitum
555 2391 754 2467 tempestatis
765 2395 929 2468 expectare
938 2389 1124 2467 potuissent.
1168 2389 1229 2448 Sed
1241 2407 1312 2448 oum

213 2519 242 2563 15
260 2497 315 2556 diu
330 2495 451 2556 occulte
465 2495 687 2574 suspirassent,
708 2500 817 2572 postea
837 2495 898 2554 iam
922 2512 1052 2570 gemero,
1075 2493 1116 2554 ad
1136 2499 1311 2553 extremum

260 2620 334 2660 vero
348 2600 435 2677 loqui
450 2619 556 2659 omnes
572 2607 604 2659 et
618 2600 752 2659 clamare
768 2605 945 2677 coeperunt.
988 2599 1102 2675 Itaque
1117 2597 1172 2657 illc
1192 2597 1311 2658 amicus

259 2711 367 2766 noster
381 2705 520 2787 insolens
535 2704 695 2780 infamiae,
711 2723 834 2782 semper
848 2704 882 2762 in
898 2703 991 2763 laude
1010 2708 1162 2778 versatus
1184 2702 1313 2762 circum-

260 2811 359 2871 fluens
388 2810 497 2887 gloria,
525 2809 719 2870 deformatus
747 2827 883 2887 corpore,
908 2809 1029 2869 fractus
1052 2807 1166 2882 anime,
1193 2827 1254 2885 quo
1278 2826 1312 2868 se

260 2917 401 2976 conferat
420 2915 537 2990 nescit;
561 2932 759 2992 progressum
780 2913 995 2991 praecipitem,
1016 2913 1245 2974 inconstantem
1268 2932 1313 2973 re·

212 3020 361 3083 aditum
390 3020 493 3094 videt,
529 3019 626 3079 bonos
654 3018 798 3078 inimicos
826 3017 930 3094 habet,
955 3018 1113 3097 improbos
1137 3017 1223 3096 ipsos
1249 3037 1312 3078 non

260 3125 384 3186 amicos.
428 3125 476 3184 Ac
503 3123 576 3183 vide
605 3123 770 3182 mollitiem
799 3123 906 3183 animi.
949 3125 1022 3184 Non
1050 3123 1138 3184 tenui
1165 3122 1312 3183 lacrimas

259 3249 329 3290 cum
352 3229 442 3289 illum
466 3248 492 3289 a.
518 3229 546 3288 d.
572 3247 638 3288 vm
659 3228 733 3288 Kal.
758 3227 894 3289 Sextiles
919 3228 985 3288 vidi
1007 3229 1045 3288 de
1067 3228 1178 3289 edictis
1203 3228 1311 3288 Bibuli

260 3336 501 3396 contionantem.
544 3333 605 3404 Qui
630 3340 723 3394 antea
748 3333 859 3394 solitus
884 3339 967 3394 esset
991 3333 1108 3394 iactare
1134 3352 1167 3393 se
1195 3333 1313 3409 magni-

259 3440 462 3501 ficentissime
476 3439 532 3499 illo
547 3439 579 3499 in
599 3439 667 3499 loco
689 3458 810 3498 summo
830 3457 903 3498 cum
924 3457 1027 3498 amoro
1049 3438 1167 3517 populi,
1190 3439 1312 3498 cunctis

210 3544 450 3620 referentibus,
472 3552 508 3604 ut
529 3544 583 3603 ille
605 3550 672 3604 turn
694 3543 892 3618 humiliant
914 3543 1069 3604 demissus
1091 3550 1166 3617 erat,
1189 3551 1225 3602 ut
1243 3543 1312 3622 ipse

259 3652 353 3711 etiam
370 3651 440 3725 sibi,
455 3649 569 3709 neniis
585 3649 684 3709 solum
700 3649 755 3727 qui
770 3648 910 3723 aderant,
926 3649 1133 3727 displicebat!
1176 3649 1202 3710 0
1229 3667 1313 3726 spec-

258 3756 398 3816 taculum
426 3754 482 3814 uni
507 3755 620 3816 Crasso
644 3754 824 3828 iucundum,
853 3753 965 3815 ceteris
994 3773 1057 3816 non
1084 3753 1178 3814 item!
1227 3755 1313 3814 Nam
