3058 4284
545 309 730 365 CICERO'S
755 309 937 364 LETTERS
1202 295 1268 363 109

732 528 752 592 3

399 689 470 752 Sor.
489 690 623 752 Romae
640 711 687 752 m.
706 690 822 769 April.
841 711 874 754 o.
894 689 970 754 692
989 691 1080 758 (62).

231 834 270 890 lt
289 834 406 892 muru·
424 835 465 890 Μ.
491 836 525 892 1⁸⁸.
551 837 646 894 cicero
670 836 702 893 S·
727 837 761 892 D.
786 835 841 894 CN.
866 834 1135 907 pompeiacus.
1160 837 1267 909 Hagno

650 932 831 1001 Imperatore

254 1069 284 1128 S.
301 1069 335 1127 Τ.
351 1069 387 1128 Ε.
403 1070 437 1140 Q.
454 1070 491 1131 V.
508 1070 544 1128 B.
560 1070 595 1130 Ε.
638 1071 688 1129 Ex
709 1068 825 1130 litteris
840 1069 904 1131 tuis
920 1089 998 1148 quas
1013 1069 1136 1149 publice
1151 1069 1268 1130 misisti

214 1172 283 1252 cepi
311 1193 464 1235 unacum
486 1174 630 1236 omnibus
658 1163 875 1235 incredibilem
904 1175 1116 1253 voluptatem
1146 1180 1267 1236 tantam

149 1278 155 1287 '
214 1279 296 1339 enim
313 1298 400 1357 spem
415 1279 473 1340 otii
494 1279 662 1341 ostendisti
684 1286 834 1358 quantam
855 1297 912 1356 ego
933 1299 1055 1358 semper
1076 1281 1221 1341 omnibus
1236 1286 1268 1341 te

213 1403 276 1444 uno
297 1385 398 1446 fretus
419 1384 598 1462 pollicebar.
642 1384 704 1445 Sed
732 1384 791 1446 hoo
812 1385 900 1461 scito,
921 1391 992 1446 tuos
1015 1392 1135 1446 veteres
1155 1385 1267 1461 hostis,

213 1507 310 1549 novos
324 1489 441 1550 amicos
462 1489 662 1550 vehementer
676 1489 792 1551 litteris
814 1489 972 1568 perculsos
986 1497 1081 1570 atque
1102 1510 1141 1550 ex
1155 1510 1269 1567 magna
1285 1518 1301 1563 s

215 1613 270 1672 spe
290 1594 472 1655 deturbatos
493 1594 602 1655 iacere.
645 1595 698 1655 Ad
712 1614 761 1655 me
782 1602 888 1655 autem
909 1595 1033 1656 litteras
1048 1615 1126 1674 quas
1141 1596 1267 1672 misisti,

214 1718 405 1777 quamquam
420 1699 566 1776 exiguam
581 1700 842 1776 significationem
857 1707 929 1761 tuae
944 1719 1018 1777 erga
1031 1721 1081 1761 me
1095 1701 1267 1763 voluntatis

193 1783 195 1790 Α
214 1804 380 1880 habebant,
396 1811 503 1866 tamen
524 1805 603 1865 mihi
625 1806 704 1866 scito
719 1805 871 1866 ineundas
888 1805 1004 1882 fuisse;
1026 1806 1115 1866 nulla
1135 1807 1219 1866 enim
1234 1825 1267 1866 re

214 1915 279 1970 tem
312 1909 424 1971 laeteri
460 1911 545 1972 soleo
572 1930 666 1988 quam
694 1929 833 1970 meorum
861 1911 1031 1971 officiorum
1059 1911 1266 1988 conscientia3

214 2015 329 2093 quibus
349 2015 377 2075 si
399 2017 525 2094 quando
545 2036 608 2076 non
635 2022 742 2076 mutue
770 2017 985 2095 respondetur,
1006 2018 1091 2096 apud
1118 2036 1167 2077 ms
1195 2017 1317 2095 plus10

213 2121 308 2182 officii
322 2121 458 2182 residere
472 2121 623 2182 facillime
637 2123 748 2200 patior.
792 2122 878 2182 Illud
892 2141 954 2182 non
969 2122 1079 2182 dubito
1093 2122 1179 2200 quin,
1194 2121 1222 2182 si
1236 2129 1268 2181 te

214 2245 283 2287 mea
311 2246 433 2288 summa
460 2246 533 2303 erge
561 2233 593 2287 te
620 2228 727 2288 studia
753 2247 864 2306 parum
885 2227 964 2287 mihi
986 2227 1196 2300 emunxerint,
1218 2246 1267 2288 res

214 2331 412 2410 publicanos
434 2331 594 2393 internos
615 2332 821 2392 conciliatura
842 2332 1106 2410 coniuncturaque
1127 2332 1177 2393 sit.
1220 2333 1267 2392 Ac

214 2457 253 2497 ne
275 2437 399 2514 ignores
428 2438 505 2516 quid
526 2457 584 2515 ego
612 2438 645 2498 in
666 2438 730 2498 tuis
751 2438 869 2498 litteris
898 2438 1112 2514 desiderarim,
1134 2437 1268 2498 scribam

214 2549 331 2621 aperte,
361 2543 443 2604 sicut
470 2550 503 2604 et
530 2563 600 2604 mea
620 2550 734 2604 natura
761 2549 793 2604 et
821 2550 929 2604 nostra
956 2543 1097 2605 amicitia
1117 2543 1267 2622 postulat.
1287 2566 1316 2611 rs

214 2649 278 2708 Res
306 2667 359 2709 eas
387 2648 470 2726 gessi
498 2667 630 2726 quarum
651 2649 791 2727 aliquam
818 2649 851 2708 in
872 2649 937 2709 tuis
951 2649 1069 2709 litteris
1090 2654 1122 2709 et
1142 2654 1268 2709 nostrae

214 2753 457 2815 necessitudinis
491 2760 523 2814 et
550 2755 596 2815 rei
623 2775 653 2833 p.
676 2773 770 2815 eausa
797 2754 1039 2832 gratulationem
1068 2753 1265 2832 exspectavi3

214 2878 308 2936 quam
323 2877 380 2936 ego
394 2860 450 2920 abs
470 2864 502 2920 te
517 2859 767 2946 praetermissam
784 2879 852 2920 esse
872 2851 1014 2934 arbitror,
1030 2859 1114 2938 quod
1128 2877 1267 2918 vererere
1380 2925 1386 2936 ‚

213 2982 252 3023 ne
274 2964 363 3026 cuius
391 2963 531 3026 animum
558 2965 740 3026 offenderes.
784 2965 846 3026 Sed
874 2965 952 3025 scito
973 2983 1111 3043 eaquae
1132 2983 1189 3024 nos
1211 2982 1268 3041 pro

214 3069 315 3130 salute
335 3070 457 3148 patries
479 3069 633 3148 gessimus
658 3070 741 3131 orbis
769 3060 870 3130 terrae
891 3069 1009 3130 iudicio
1029 3088 1065 3130 ao
1086 3068 1267 3130 testimonio
1286 3083 1316 3129 ao

213 3174 427 3253 comproberi3
463 3193 551 3253 quae,
580 3194 649 3235 cum
679 3175 811 3250 veneris,
839 3181 929 3236 tanto
956 3173 1088 3235 consilio
1115 3179 1266 3252 tantaque

213 3279 310 3339 animi
324 3280 541 3356 magnitudine
555 3299 575 3340 a
589 3298 638 3339 me
659 3286 749 3356 gesta
763 3299 830 3340 esse
852 3297 1017 3357 cognosces
1031 3285 1069 3339 ut
1088 3279 1148 3339 tibi
1166 3278 1267 3340 multo

214 3382 324 3443 maiori
338 3403 431 3462 quam
452 3385 623 3446 Africanus
645 3385 709 3445 fuit
722 3404 772 3444 me
793 3405 856 3445 non
876 3385 977 3444 multo
998 3384 1150 3444 minorem
1173 3403 1263 3462 quarn

213 3487 356 3548 Laelium
377 3489 526 3550 facilest
553 3490 588 3549 in
609 3509 642 3550 re
663 3509 694 3568 p.
719 3496 751 3550 et
772 3491 805 3549 in
827 3489 967 3551 amicitia
994 3489 1177 3550 adiunctum
1198 3508 1266 3550 esse

213 3592 340 3670 patiare.
1284 3609 1313 3656 ae
