3038 4278
464 289 593 346 LIVY¹S
617 290 766 346 ROMAN
791 290 970 346 HISTORY
1196 280 1238 346 61

186 479 280 539 quam
295 460 411 521 acriter
424 461 623 539 quaestiones
634 461 835 536 exercuisset,
847 467 879 522 et
890 480 983 539 quam
998 462 1114 522 multos
1128 461 1241 540 capitis

186 567 351 628 damnatos
366 566 401 625 in
415 566 551 627 vinculis
566 567 704 643 haberet,
719 586 798 645 quos
812 567 914 628 securi
928 585 1132 644 percussurus
1150 572 1240 628 esset.

187 673 269 732 Tum
290 671 382 732 illum
403 672 489 732 infra
502 691 574 732 eum
596 674 797 733 accubantem
818 691 949 748 negasse
962 690 1111 750 umquam
1125 672 1243 733 vidisse

187 797 375 857 quemquam
398 779 499 839 securi
513 779 690 854 ferientem,
705 784 738 838 et
758 771 895 857 pervelle
916 777 950 836 id
964 778 1079 838 videre.
1122 778 1184 838 Hic
1199 778 1243 838 in-

187 884 368 960 dulgentem
390 889 560 944 amatorem
575 903 672 943 unum
693 903 731 943 ex
752 883 818 944 illis
840 883 964 944 miseris
985 883 1103 944 attrahi
1122 883 1277 945 iussumu

188 989 289 1050 securi
302 989 503 1067 percussisse.
533 990 678 1065 Facinus,
691 990 758 1050 sive
769 1007 806 1049 eo
820 991 911 1049 modo
925 1009 987 1067 quo
1002 1008 1111 1050 censor
1120 988 1242 1064 obiecit,

188 1095 255 1155 sive
269 1099 306 1154 ut
318 1093 465 1156 Valerius
480 1094 579 1155 tradit
592 1095 792 1156 commissum
807 1101 864 1170 est,
880 1113 1007 1156 saevum
1027 1100 1121 1172 atque
1136 1099 1242 1154 atrox:

187 1199 272 1259 inter
299 1198 411 1277 pocula
431 1205 527 1278 atque
549 1199 668 1277 epulae,
689 1199 744 1259 ubi
764 1199 863 1260 libare
885 1199 948 1260 diis
970 1200 1075 1276 dapes,
1090 1198 1145 1258 ubi
1165 1199 1244 1258 bene

188 1303 310 1382 precari
331 1323 398 1364 mos
420 1310 513 1380 esset,
534 1305 576 1364 ad
598 1304 810 1382 spectaculum
831 1305 927 1365 scorti
948 1304 1096 1383 procacis,
1118 1303 1152 1362 in
1173 1303 1244 1364 sinu

149 1419 151 1422 ’
188 1409 326 1470 consulis
348 1409 536 1486 recubantis,
558 1415 725 1471 mactatam
747 1410 916 1470 humanam
936 1389 1097 1470 victimam
1120 1427 1188 1469 csse
1213 1413 1246 1468 et
1265 1424 1294 1469 10

188 1532 298 1574 cruore
312 1532 451 1575 mensam
467 1517 656 1593 respersam!
678 1515 717 1574 In
728 1521 868 1575 extrema
878 1515 1018 1575 oratione
1033 1513 1162 1574 Catonis
1177 1532 1246 1574 con-

189 1619 273 1680 dicio
287 1620 433 1691 Quinctio
446 1620 557 1697 fertur,
572 1625 609 1680 ut
623 1621 650 1680 si
664 1621 698 1680 id
711 1621 832 1680 factum
846 1627 975 1696 negaret
988 1625 1152 1698 ceteraque
1166 1637 1245 1697 quae

190 1725 365 1801 obiecisset,
394 1725 561 1803 sponsione
585 1726 769 1786 defenderet
791 1745 871 1787 sese:
902 1725 953 1786 sin
975 1726 1137 1800 fateretur,
1162 1723 1246 1800 igno

190 1829 329 1891 miniane
344 1849 402 1890 sua
416 1849 603 1909 quemquam
618 1831 789 1892 doliturum
804 1836 953 1906 censeret,
964 1849 1035 1890 cum
1049 1829 1117 1908 ipse
1126 1828 1201 1889 vino
1215 1835 1246 1889 et

190 1935 312 1996 Venere
326 1953 433 1996 amens
449 1935 599 2012 sanguine
614 1935 750 1996 hominis
765 1936 799 1995 iu
814 1935 959 1996 convivio
972 1935 1126 1996 lusisset?
1266 1940 1294 1987 1⁶

232 2040 273 2099 Iu
286 2040 430 2118 equitatu
445 2041 692 2117 recognoscendo
706 2042 740 2099 L.
758 2040 897 2119 Scipioni
917 2039 1067 2116 Asiageni
1081 2041 1246 2117 ademptus

191 2165 299 2224 equus.
344 2146 383 2204 In
404 2145 549 2206 censibus
571 2165 695 2224 quoque
714 2146 904 2224 accipiendis
926 2145 1028 2207 tristis
1044 2151 1076 2205 et
1090 2163 1201 2223 aspera
1213 2144 1247 2202 in

192 2269 299 2312 omnes
320 2250 446 2311 ordines
467 2269 599 2310 censura
619 2251 690 2311 fuit.
734 2251 926 2312 Ornamenta
946 2257 978 2311 et
999 2255 1117 2311 vestem
1141 2249 1248 2309 mulie

191 2356 279 2418 brem
294 2361 326 2416 et
340 2355 493 2430 vehicula,
509 2375 589 2434 quae
604 2356 704 2434 pluris
719 2376 813 2435 quam
831 2356 1009 2434 quindecim
1029 2355 1150 2415 milium
1167 2354 1247 2415 aeris

193 2467 297 2523 essent
311 2463 428 2520 deciana
436 2463 538 2539 pluris
552 2461 586 2521 in
600 2481 726 2522 censum
741 2462 858 2522 referre
873 2461 1025 2522 iuratores
1039 2461 1149 2536 iussit3
1171 2460 1249 2520 item
1268 2475 1298 2522 20

193 2565 352 2644 mancipia
362 2565 484 2626 minora
497 2567 588 2627 annis
604 2565 727 2643 viginti,
743 2586 822 2645 quae
837 2572 908 2645 post
923 2567 1099 2644 proximum
1114 2566 1248 2626 lustrum

193 2672 301 2732 decern
322 2670 450 2730 milibus
472 2671 553 2732 aeris
575 2677 629 2732 aut
650 2691 686 2732 eo
707 2671 808 2749 pluris
826 2672 998 2748 venissent,
1013 2672 1060 2732 uti
1075 2690 1112 2731 ea
1126 2689 1248 2748 quoque

194 2775 319 2836 deciens
341 2781 431 2836 tanto
451 2776 552 2854 pluris
574 2796 667 2854 quarn
689 2777 799 2855 quanti
820 2783 925 2838 essent
946 2777 1195 2851 aestimarentur,
1218 2781 1250 2836 et

194 2881 246 2941 his
274 2881 368 2941 rebus
397 2882 539 2942 omnibus
571 2883 654 2942 terni
687 2882 721 2940 in
755 2882 844 2942 milia
878 2882 958 2943 aeris
994 2883 1247 2942 attribuerentur.

194 2987 320 3065 Aquam
342 2987 501 3064 publicam
520 3005 643 3047 ornnem
661 2987 695 3046 in
709 2988 866 3065 privatum
880 2987 1055 3048 aedificium
1072 2993 1127 3047 aut
1140 3006 1248 3063 agrum
1270 3001 1300 3046 25

194 3091 345 3151 fluentem
370 3092 568 3168 ademerunt3
597 3098 730 3171 atquae
752 3093 786 3151 in
810 3093 878 3153 loce
901 3092 1027 3170 publica
1051 3092 1251 3153 inaedificata

195 3195 391 3256 immolitave
412 3196 528 3274 privati
550 3197 718 3273 habebant,
743 3198 827 3257 intra
855 3198 922 3258 dies
947 3197 1080 3274 triginta
1107 3197 1250 3257 demoliti

196 3307 279 3361 sunt.
309 3301 412 3379 Opera
427 3298 540 3361 deiude
555 3302 701 3362 facienda
713 3321 752 3362 ex
766 3303 891 3364 decreta
904 3303 937 3361 in
952 3322 1017 3363 eam
1028 3322 1092 3362 rem
1108 3302 1249 3380 pecunia,

196 3405 284 3466 lacus
299 3407 484 3468 sternendos
498 3407 612 3485 lapide,
627 3408 895 3486 detergendasque
907 3428 969 3486 qua
984 3428 1061 3486 opus
1076 3413 1159 3468 esset
1173 3406 1251 3467 elea

195 3529 258 3588 cas,
283 3510 319 3570 in
345 3512 505 3572 Aventino
533 3517 566 3573 et
592 3513 627 3572 in
655 3513 727 3574 aliis
749 3514 893 3593 partibus
918 3533 982 3592 qua
1002 3515 1142 3576 nondum
1162 3518 1300 3576 erentes

195 3616 360 3678 faciendas
388 3618 596 3678 locauerunt.v
618 3619 662 3680 Et
696 3619 865 3697 separatim
900 3620 1032 3682 Flaccus
1063 3619 1178 3680 molem
1212 3619 1252 3678 ad

195 3722 376 3804 Neptunias
403 3741 512 3804 aquas,
533 3729 569 3784 ut
596 3724 657 3784 iter
683 3725 799 3804 populo
827 3731 918 3806 esset,
934 3732 966 3787 et
993 3725 1077 3786 viam
1101 3743 1158 3804 per
1180 3725 1254 3784 For·
