3058 4284
173 349 178 358 ·
264 315 331 384 134
591 327 716 384 LATIN
740 328 990 386 SELECTIONS

770 581 809 644 le

277 743 348 808 Sor.
366 743 500 806 Romae
516 743 577 804 IX
591 743 636 805 K.
655 743 738 805 Iun.
758 747 825 806 arat
839 743 949 823 paulo
964 748 1042 823 post
1058 765 1090 807 a.
1112 745 1188 811 703
1208 745 1297 811 (51).

640 888 753 946 &elius
771 889 897 947 ciceroni
915 890 945 946 S.

302 1028 391 1098 Quod
405 1026 465 1089 tibi
480 1027 642 1088 discedens
657 1025 818 1105 pollicitus
839 1047 907 1088 sum
923 1048 973 1088 me
987 1047 1095 1089 omnes
1115 1047 1166 1089 res
1180 1029 1315 1090 urbanas

263 1131 507 1208 diligentissime
522 1131 581 1192 tibi
596 1131 852 1210 perscripturum,
872 1132 947 1192 data
967 1152 1061 1210 opera
1075 1134 1185 1212 paravi
1200 1135 1256 1212 qui
1271 1134 1316 1196 sic

263 1237 369 1297 omnia
389 1243 628 1315 persequeretur
643 1242 679 1296 ut
694 1255 801 1297 verear
814 1256 853 1297 ne
874 1237 933 1297 tibi
955 1238 1088 1298 nimium
1111 1246 1225 1315 arguta
1239 1239 1317 1300 baec

264 1342 415 1404 sedulitas
436 1342 746 1418 videatur3'ta1netsi
773 1348 809 1402 tu
830 1342 895 1403 scio
922 1361 1015 1420 quam
1044 1343 1089 1404 sis
1117 1343 1258 1404 curiosus
1285 1351 1317 1404 et

230 1466 358 1526 squam
392 1447 538 1509 omnibus
571 1447 845 1526 peregrinantibus
879 1454 1003 1524 gratum
1038 1449 1081 1510 sit
1115 1449 1314 1509 minimarum

263 1571 385 1632 qnoque
406 1571 509 1612 rerum
531 1571 610 1630 quae
632 1552 717 1612 domi
740 1558 888 1629 gerantur
909 1552 977 1612 fieri
998 1553 1154 1614 certiores.
1198 1555 1316 1614 Tamen

262 1657 297 1717 in
318 1658 376 1718 hoo
397 1664 429 1719 te
447 1659 596 1736 deprecor
609 1677 649 1718 ne
665 1677 767 1718 meum
789 1657 847 1718 hoc
869 1657 1002 1718 officium
1025 1659 1227 1735 adrogantiae
1248 1678 1317 1719 oon·

264 1763 391 1824 demnas
413 1763 496 1841 quod
518 1764 601 1823 huuc
622 1763 759 1824 laborem
775 1763 867 1824 alteri
889 1763 1042 1841 delegavi,
1060 1783 1123 1824 non
1138 1763 1214 1841 quin
1236 1764 1315 1824 mihi

263 1868 485 1930 suavissimum
501 1868 543 1928 sit
560 1874 592 1928 et
606 1878 756 1947 occupato
771 1875 804 1928 et
825 1869 865 1928 ad
886 1869 1009 1929 litteras
1025 1869 1215 1942 scribendas,
1230 1875 1265 1929 ut
1279 1876 1316 1929 tu

215 1990 245 2035 10
263 1973 357 2048 nosti,
384 1973 552 2051 pigerrimo
580 1980 652 2033 tuae
680 1973 847 2034 memoriae
875 1974 950 2034 dare
971 1992 1107 2052 operam,
1129 1974 1184 2034 sed
1211 1974 1315 2052 ipsum

263 2079 409 2138 volumen
424 2079 508 2156 quod
522 2077 582 2138 tibi
603 2077 676 2139 misi
698 2078 801 2155 facile,
817 2086 854 2138 ut
875 2098 931 2156 ego
947 2079 1089 2152 arbitror,
1107 2097 1155 2138 me
1176 2083 1314 2140 excusat.

263 2184 380 2244 Nescio
407 2185 518 2262 quoius
547 2183 604 2243 otii
625 2189 709 2244 esset
731 2202 794 2242 non
815 2183 908 2244 modo
935 2184 1127 2262 perscribere
1157 2184 1233 2244 baec
1260 2184 1315 2244 sad

263 2289 389 2349 omniuo
411 2289 676 2364 animadvertere3
698 2288 804 2349 omnia
824 2289 908 2348 enim
930 2296 1004 2350 sunt
1026 2289 1070 2350 ibi
1093 2294 1220 2350 senatus
1247 2307 1316 2349 eon·

263 2395 356 2469 sulta,
378 2393 489 2470 edicta,
511 2393 646 2468 fabulae,
669 2413 815 2454 rumores.
858 2393 949 2465 Quod
976 2393 1153 2472 exemplum
1178 2395 1205 2454 si
1232 2394 1315 2454 forte

215 2515 244 2560 ro
263 2499 367 2559 miuus
388 2505 420 2559 te
442 2499 615 2574 delectarit,
636 2517 676 2559 ne
704 2499 880 2560 molestiam
908 2498 968 2559 tibi
989 2517 1059 2559 oum
1088 2499 1221 2577 inpensa
1247 2518 1317 2559 mea

263 2604 425 2664 exhibeam
448 2605 498 2664 fac
521 2623 570 2663 me
590 2605 762 2664 certiorem.
806 2604 839 2663 Si
854 2603 931 2682 quid
946 2603 980 2663 in
1002 2623 1034 2664 re
1049 2624 1079 2682 p.
1095 2603 1196 2664 maius
1211 2611 1314 2664 actum

263 2711 324 2770 erit
337 2709 420 2787 quod
435 2708 491 2770 isti
511 2709 646 2788 operarii
667 2709 772 2770 minus
790 2709 951 2769 commode
968 2709 1113 2787 persequi
1134 2709 1267 2787 possint,
1284 2715 1316 2769 et

263 2833 355 2894 quem
383 2815 424 2874 ad
451 2814 576 2873 modum
606 2819 709 2874 actum
738 2813 790 2888 sit,
819 2820 850 2874 et
881 2832 961 2891 quae
988 2813 1181 2874 existimatio
1209 2820 1316 2876 secuta

263 2939 404 2999 quaeque
432 2919 470 2978 de
497 2938 533 2978 eo
561 2937 632 2996 spes
655 2919 697 2979 sit
719 2918 887 2996 diligenter
907 2919 967 2979 tibi
988 2919 1226 2996 perscribamus.
1268 2920 1317 2980 Ut

214 3042 243 3086 ao
263 3044 347 3085 nuuc
374 3031 431 3100 est,
459 3023 549 3083 nulla
576 3042 762 3101 magnopere
790 3024 968 3102 expectatio
996 3030 1052 3084 est.
1095 3025 1177 3084 Nam
1209 3030 1239 3084 et
1266 3023 1316 3082 illi

263 3148 402 3191 rumores
417 3129 456 3189 de
470 3128 606 3189 comitiis
627 3129 922 3206 Transpadanorum
944 3128 1113 3188 Cumarum
1128 3134 1221 3189 tenus
1236 3128 1316 3188 calu-

263 3242 364 3310 erunt,
392 3235 525 3294 Romam
560 3252 629 3293 cum
664 3234 831 3310 venissem,
859 3252 900 3293 ne
934 3233 1154 3294 tenuissimam
1189 3233 1316 3311 quidem

263 3340 456 3402 auditionem
485 3340 523 3399 de
552 3357 588 3399 ea
616 3357 649 3398 re
677 3337 800 3417 accepi;
836 3345 999 3416 praeterea
1026 3338 1205 3413 Marcellus,
1233 3338 1317 3416 quod

263 3445 366 3506 adhuc
381 3444 463 3504 nihil
477 3444 602 3504 rettulit
623 3443 661 3505 de
683 3443 878 3506 successione
893 3443 1124 3522 provinciarum
1141 3443 1315 3504 Galliarum

214 3569 244 3614 at
263 3557 295 3611 et
316 3551 350 3610 in
370 3552 412 3610 K.
435 3550 516 3625 Iun„
531 3555 567 3609 ut
588 3548 667 3608 mihi
689 3548 756 3626 ipse
777 3547 869 3625 dixit,
885 3568 953 3609 eam
977 3547 1103 3609 distulit
1123 3547 1316 3622 relationem,

263 3676 337 3718 saue
359 3675 452 3734 quam
468 3674 520 3716 eos
542 3673 699 3715 sermones
721 3653 876 3732 expressit
897 3653 952 3732 qui
975 3655 1013 3714 de
1035 3673 1071 3714 eo
1092 3659 1159 3714 tum
1182 3652 1317 3727 fuerant,

264 3782 334 3823 cum
355 3762 473 3822 Romae
502 3780 558 3820 nos
580 3778 727 3820 essemus.
770 3761 819 3819 Tu
848 3760 876 3819 si
903 3759 1096 3837 Pompeium,
1119 3766 1154 3819 ut
1180 3757 1318 3833 volebas,
