3038 4278
484 330 613 388 LIVY'S
638 330 787 387 ROMAN
812 329 992 385 HISTORY
1140 396 1141 402 ἵ
1208 319 1254 384 49

198 503 381 582 plurumum
416 503 519 578 remis,
549 502 706 562 interdum
736 507 768 562 et
800 501 864 561 leni
896 500 1066 560 adiuvante
1099 506 1194 561 vento
1221 499 1255 560 in

199 609 343 670 Africam
358 609 491 669 traiecit.
535 609 628 668 Forte
643 607 689 668 ita
703 607 817 667 incidit
831 613 867 666 ut
881 625 917 666 eo
935 606 1006 685 ipso
1019 612 1159 684 ternpore
1176 607 1255 666 Has·

199 713 312 775 drubal
327 714 437 792 pulsus
449 712 615 791 Hispania,
631 718 751 791 septem
766 711 947 772 triremibus
961 717 1088 789 portum
1102 711 1254 786 invectus,

199 819 322 881 ancoris
337 817 451 898 positis
465 824 566 884 terrae
585 817 760 896 adplicaret
773 836 879 893 naves,
893 836 964 877 cum
978 822 1162 895 conspectae
1176 817 1255 877 duae

200 925 451 1003 quinqueremes,
474 923 560 984 haud
582 923 729 1001 cuiquam
757 922 853 982 dubio
881 923 959 1001 quin
983 922 1122 984 hostiurn
1150 928 1289 982 essentt

199 1029 400 1108 opprimique
414 1048 433 1090 a
446 1028 591 1108 pluribus
605 1028 799 1109 priusquam,
808 1033 933 1106 portum
948 1027 1104 1089 intrarent
1118 1032 1255 1105 possent,

199 1134 282 1195 nihil
297 1134 385 1195 aliud
400 1153 493 1213 quam
508 1133 681 1195 tumultum
695 1152 732 1193 ac
745 1132 989 1211 trepidationem
1007 1132 1103 1194 simul
1118 1131 1255 1192 militum

199 1259 236 1301 ac
262 1245 430 1300 nautarum
457 1238 650 1316 nequiquam
674 1255 822 1315 armaque
847 1243 879 1298 et
903 1257 999 1298 nares
1021 1237 1255 1315 expedientium

200 1345 353 1406 fecerunt.
397 1344 553 1404 Percussa
572 1343 655 1403 enirn
678 1363 717 1404 ex
736 1342 802 1404 alto
822 1343 893 1404 vela
913 1342 1007 1421 paulo
1028 1341 1140 1402 acriori
1161 1348 1256 1402 vento

200 1450 288 1528 prius
297 1449 331 1509 in
340 1455 465 1527 portum
472 1447 649 1508 intulerunt
657 1447 906 1526 quinqueremes,
916 1467 1009 1526 quam
1019 1447 1118 1506 Poeni
1127 1465 1255 1508 ancoras
1276 1460 1305 1506 10

201 1554 403 1630 molirentur,
428 1573 486 1614 nec
511 1554 595 1614 ultra
622 1553 793 1614 tumultum
817 1553 897 1614 ciere
922 1554 1090 1632 quisquam
1113 1553 1147 1612 in
1171 1553 1258 1630 regio

200 1665 295 1739 portu
309 1660 452 1721 audebat.
497 1660 549 1719 Ita
567 1659 601 1718 in
619 1664 734 1719 terram
753 1658 840 1737 prior
855 1657 1046 1733 Hasdrubal,
1062 1677 1136 1718 mox
1151 1657 1257 1736 Scipio

200 1772 232 1827 et
255 1765 383 1826 Laelius
408 1765 526 1841 egressi
550 1764 592 1824 ad
613 1783 717 1840 regem
745 1769 888 1841 pergunt.
931 1762 1198 1842 Magnificumque
1223 1763 1257 1822 id

202 1870 452 1951 Syphaci-nec
463 1869 795 1943 erataliter-visum,
805 1869 937 1929 duorum
947 1868 1258 1947 opulentissimorum
1271 1897 1273 1903 ·

200 1995 238 2038 ea
251 1981 440 2054 tempestate
462 1975 557 2034 duces
576 1973 763 2052 populorum
778 1993 842 2034 uno
859 1974 909 2033 die
928 1993 1016 2034 suam
1031 1991 1139 2051 pacem
1154 1973 1258 2033 amici-
1278 1986 1307 2030 ro

200 2082 340 2160 tiamque
355 2085 499 2158 petentes
514 2079 646 2140 venisse.
690 2081 869 2156 Utrumque
883 2079 916 2138 in
935 2079 1108 2157 hospitium
1123 2078 1256 2155 invitat3

201 2192 234 2247 et
255 2187 404 2265 quoniam
427 2185 494 2245 fors
517 2204 570 2244 eos
592 2185 651 2245 sub
673 2203 735 2244 uno
755 2190 840 2244 tecto
864 2202 932 2244 esse
953 2190 1049 2261 atque
1070 2184 1111 2244 ad
1132 2185 1255 2244 eosdem

201 2297 332 2370 penates
351 2289 514 2365 voluisset,
533 2289 717 2349 contrahere
732 2289 773 2350 ad
792 2288 992 2366 conloquium
1011 2288 1257 2349 dirimendarum

202 2396 414 2457 simultatium
429 2400 585 2456 causaest
600 2401 739 2469 conatus,
756 2395 902 2472 Scipione
916 2395 1074 2455 abnuente
1087 2401 1142 2455 aut
1157 2395 1259 2473 priva-

201 2503 261 2561 tim
283 2500 345 2562 sibi
366 2500 468 2560 ullum
493 2519 565 2560 cum
584 2501 691 2560 Poeno
712 2499 819 2559 odium
844 2519 911 2560 esse
936 2501 1021 2578 quod
1043 2500 1259 2578 conloquendo
1277 2510 1308 2556 ao

201 2607 318 2682 finiret,
347 2612 402 2667 aut
430 2605 469 2665 de
497 2623 530 2665 re
554 2605 681 2684 publica
705 2605 928 2683 nequicquam
956 2623 1026 2666 cum
1052 2605 1142 2666 hoste
1167 2624 1258 2683 agere

202 2712 327 2772 iniussu
343 2717 469 2772 senatus
484 2729 585 2789 posse.
627 2710 715 2771 Illud
732 2729 845 2786 magno
862 2729 955 2789 opere
969 2711 1119 2771 tendente
1134 2729 1258 2786 regens

202 2817 283 2878 alter
310 2816 472 2895 hospitum
501 2816 646 2876 exclusus
669 2834 777 2876 mensa
805 2815 974 2891 videretur,
999 2815 1095 2876 utin
1118 2816 1258 2876 animum

202 2921 368 2983 induceret
379 2922 418 2982 ad
430 2921 555 2982 easdem
565 2921 672 2981 venire
684 2921 794 2998 epulas
805 2921 891 2981 haud
902 2921 1029 2998 abnuit,
1052 2927 1259 2998 cenatumque

203 3027 298 3088 simul
321 3027 406 3106 apud
427 3045 532 3103 regem
553 3032 601 3087 est
625 3032 657 3086 et
678 3027 785 3085 ecdem
808 3026 903 3086 etiam
927 3026 1009 3086 lecto
1035 3027 1141 3104 Scipio
1164 3032 1307 3104 atquem

204 3132 396 3208 Hasdrubal,
419 3131 494 3209 quia
520 3131 567 3190 ita
588 3131 674 3191 cordi
702 3137 770 3191 erat
794 3131 870 3208 regi,
894 3132 1113 3192 accubuerunt.
1156 3133 1259 3192 Tanta

203 3243 309 3298 autem
337 3237 439 3297 inerat
466 3236 598 3297 comitas
628 3236 767 3315 Scipioni
792 3243 888 3314 atque
911 3237 952 3297 ad
975 3237 1081 3296 omnia
1102 3237 1258 3298 naturalis

203 3342 323 3419 ingenii
346 3341 530 3416 dexteritas,
553 3347 589 3401 ut
613 3360 676 3401 non
701 3342 876 3420 Syphacem
898 3343 999 3418 modo,
1023 3343 1189 3403 barbarum
1214 3343 1259 3402 in-

204 3453 389 3525 suetumque
412 3447 551 3507 moribus
573 3447 734 3523 Romanis,
755 3449 810 3508 sed
831 3448 953 3508 hostem
976 3449 1070 3508 etiam
1092 3445 1259 3509 infestissi-

203 3572 289 3622 mum
304 3553 440 3613 facunde
455 3552 654 3630 adloquendo
676 3553 736 3613 sibi
755 3553 950 3614 conciliarit:
973 3553 1258 3632 mirabilioremque
1277 3571 1307 3618 30

204 3659 265 3719 sibi
279 3677 351 3718 eum
366 3658 470 3718 virum
485 3677 650 3734 congresso
661 3677 764 3720 coram
779 3660 882 3720 visum
896 3679 971 3738 prae
987 3679 1020 3721 se
1033 3661 1156 3721 ferebat
1164 3679 1258 3738 quam

203 3763 287 3824 bello
311 3763 403 3824 rebus
428 3763 535 3839 gestis,
558 3782 616 3824 nee
640 3764 785 3826 dubitare
809 3765 886 3843 quin
911 3765 1041 3844 Syphax
1066 3783 1258 3843 regnumque
