<?xml version="1.0" encoding="UTF-8"?>
<!DOCTYPE html PUBLIC "-//W3C//DTD XHTML 1.0 Transitional//EN"
    "http://www.w3.org/TR/xhtml1/DTD/xhtml1-transitional.dtd">
<html xmlns="http://www.w3.org/1999/xhtml" xml:lang="en" lang="en">
 <head>
  <title>
</title>
<meta http-equiv="Content-Type" content="text/html;charset=utf-8" />
  <meta name='ocr-system' content='tesseract 3.04.00' />
  <meta name='ocr-capabilities' content='ocr_page ocr_carea ocr_par ocr_line ocrx_word'/>
</head>
<body>
  <div class='ocr_page' id='page_1' title='image "./selectionsfromr00miergoog_0156.png"; bbox 0 0 3058 4284; ppageno 0'>
   <div class='ocr_carea' id='block_1_1' title="bbox 558 311 1274 380">
    <p class='ocr_par' dir='ltr' id='par_1_1' title="bbox 558 311 1274 380">
     <span class='ocr_line' id='line_1_1' title="bbox 558 311 1274 380; baseline -0.003 0"><span class='ocrx_word' id='word_1_1' title='bbox 558 323 743 380; x_wconf 83' lang='lat' dir='ltr'>CICERO&#39;S</span> <span class='ocrx_word' id='word_1_2' title='bbox 766 323 949 380; x_wconf 78' lang='lat' dir='ltr'>LETTERS</span> <span class='ocrx_word' id='word_1_3' title='bbox 1212 311 1274 379; x_wconf 88' lang='grc'>141</span> 
     </span>
    </p>
   </div>
   <div class='ocr_carea' id='block_1_2' title="bbox 225 493 1277 679">
    <p class='ocr_par' dir='ltr' id='par_1_2' title="bbox 225 493 1277 679">
     <span class='ocr_line' id='line_1_2' title="bbox 225 493 1277 572; baseline 0 -19"><span class='ocrx_word' id='word_1_4' title='bbox 225 499 281 554; x_wconf 89' lang='lat' dir='ltr'>est.</span> <span class='ocrx_word' id='word_1_5' title='bbox 324 495 437 571; x_wconf 75' lang='lat' dir='ltr'>Itaque</span> <span class='ocrx_word' id='word_1_6' title='bbox 458 500 490 554; x_wconf 88' lang='lat' dir='ltr'>te</span> <span class='ocrx_word' id='word_1_7' title='bbox 510 493 544 553; x_wconf 92' lang='lat' dir='ltr'>in</span> <span class='ocrx_word' id='word_1_8' title='bbox 566 513 602 554; x_wconf 85' lang='lat' dir='ltr'>ea</span> <span class='ocrx_word' id='word_1_9' title='bbox 623 495 805 572; x_wconf 78' lang='lat' dir='ltr'><strong>quaestione</strong></span> <span class='ocrx_word' id='word_1_10' title='bbox 826 514 889 555; x_wconf 90' lang='lat' dir='ltr'>non</span> <span class='ocrx_word' id='word_1_11' title='bbox 910 512 1056 571; x_wconf 80' lang='lat' dir='ltr'>exerce03</span> <span class='ocrx_word' id='word_1_12' title='bbox 1079 495 1118 554; x_wconf 83' lang='lat' dir='ltr'>ad</span> <span class='ocrx_word' id='word_1_13' title='bbox 1139 512 1176 554; x_wconf 83' lang='lat' dir='ltr'>ea</span> <span class='ocrx_word' id='word_1_14' title='bbox 1197 512 1277 572; x_wconf 86' lang='lat' dir='ltr'>quue</span> 
     </span>
     <span class='ocr_line' id='line_1_3' title="bbox 225 596 1275 679; baseline 0 -21"><span class='ocrx_word' id='word_1_15' title='bbox 225 599 293 658; x_wconf 84' lang='lat' dir='ltr'>dixi</span> <span class='ocrx_word' id='word_1_16' title='bbox 307 599 398 660; x_wconf 80' lang='lat' dir='ltr'><strong>adfer</strong></span> <span class='ocrx_word' id='word_1_17' title='bbox 412 598 532 677; x_wconf 88' lang='lat' dir='ltr'>siquid</span> <span class='ocrx_word' id='word_1_18' title='bbox 546 599 651 660; x_wconf 84' lang='lat' dir='ltr'>habes.</span> <span class='ocrx_word' id='word_1_19' title='bbox 694 598 848 679; x_wconf 85' lang='lat' dir='ltr'>Equidem</span> <span class='ocrx_word' id='word_1_20' title='bbox 861 598 930 660; x_wconf 90' lang='lat' dir='ltr'>dies</span> <span class='ocrx_word' id='word_1_21' title='bbox 941 596 1109 677; x_wconf 78' lang='lat' dir='ltr'>noctesque</span> <span class='ocrx_word' id='word_1_22' title='bbox 1119 605 1275 676; x_wconf 85' lang='lat' dir='ltr'>torqueor.</span> 
     </span>
    </p>
   </div>
   <div class='ocr_carea' id='block_1_3' title="bbox 223 1049 1275 1217">
    <p class='ocr_par' dir='ltr' id='par_1_3' title="bbox 223 1049 1275 1217">
     <span class='ocr_line' id='line_1_4' title="bbox 223 1049 1275 1217; baseline 0.002 -105"><span class='ocrx_word' id='word_1_23' title='bbox 223 1049 294 1112; x_wconf 83' lang='lat' dir='ltr'>Scr.</span> <span class='ocrx_word' id='word_1_24' title='bbox 314 1051 356 1112; x_wconf 80' lang='lat' dir='ltr'>in</span> <span class='ocrx_word' id='word_1_25' title='bbox 372 1051 565 1112; x_wconf 75' lang='lat' dir='ltr'>Fanniam</span> <span class='ocrx_word' id='word_1_26' title='bbox 594 1049 668 1112; x_wconf 79' lang='lat' dir='ltr'>VII</span> <span class='ocrx_word' id='word_1_27' title='bbox 685 1050 876 1217; x_wconf 39' lang='lat' dir='ltr'>affert„</span> <span class='ocrx_word' id='word_1_28' title='bbox 898 1053 941 1112; x_wconf 80' lang='lat' dir='ltr'>ut</span> <span class='ocrx_word' id='word_1_29' title='bbox 965 1049 1114 1121; x_wconf 78' lang='lat' dir='ltr'>uidetur,</span> <span class='ocrx_word' id='word_1_30' title='bbox 1139 1069 1171 1112; x_wconf 82' lang='lat' dir='ltr'>u.</span> <span class='ocrx_word' id='word_1_31' title='bbox 1198 1050 1221 1116; x_wconf 81' lang='lat'><em>7</em></span> <span class='ocrx_word' id='word_1_32' title='bbox 1225 1049 1275 1114; x_wconf 83' lang='lat'>05</span> 
     </span>
    </p>
   </div>
   <div class='ocr_carea' id='block_1_4' title="bbox 602 1285 895 1343">
    <p class='ocr_par' dir='ltr' id='par_1_4' title="bbox 602 1285 895 1343">
     <span class='ocr_line' id='line_1_5' title="bbox 602 1285 895 1343; baseline -0.01 -1"><span class='ocrx_word' id='word_1_33' title='bbox 602 1286 700 1343; x_wconf 68' lang='lat' dir='ltr'>&#39;Cicero</span> <span class='ocrx_word' id='word_1_34' title='bbox 718 1285 817 1342; x_wconf 77' lang='lat' dir='ltr'>Attico</span> <span class='ocrx_word' id='word_1_35' title='bbox 836 1285 895 1341; x_wconf 78' lang='lat' dir='ltr'>Sal.</span> 
     </span>
    </p>
   </div>
   <div class='ocr_carea' id='block_1_5' title="bbox 221 1423 1380 3509">
    <p class='ocr_par' dir='ltr' id='par_1_5' title="bbox 222 1423 1380 3193">
     <span class='ocr_line' id='line_1_6' title="bbox 266 1423 1276 1487; baseline -0.004 0"><span class='ocrx_word' id='word_1_36' title='bbox 266 1427 374 1487; x_wconf 89' lang='lat' dir='ltr'>Unum</span> <span class='ocrx_word' id='word_1_37' title='bbox 389 1425 483 1485; x_wconf 80' lang='lat' dir='ltr'>etiam</span> <span class='ocrx_word' id='word_1_38' title='bbox 498 1430 597 1484; x_wconf 83' lang='lat' dir='ltr'>restat</span> <span class='ocrx_word' id='word_1_39' title='bbox 611 1423 711 1483; x_wconf 85' lang='lat' dir='ltr'>amico</span> <span class='ocrx_word' id='word_1_40' title='bbox 724 1430 831 1484; x_wconf 85' lang='lat' dir='ltr'>nostro</span> <span class='ocrx_word' id='word_1_41' title='bbox 846 1424 885 1483; x_wconf 83' lang='lat' dir='ltr'>ad</span> <span class='ocrx_word' id='word_1_42' title='bbox 900 1442 990 1483; x_wconf 90' lang='lat' dir='ltr'>omne</span> <span class='ocrx_word' id='word_1_43' title='bbox 1005 1425 1138 1484; x_wconf 80' lang='lat' dir='ltr'>dedecus</span> <span class='ocrx_word' id='word_1_44' title='bbox 1159 1429 1196 1484; x_wconf 90' lang='lat' dir='ltr'>ut</span> <span class='ocrx_word' id='word_1_45' title='bbox 1216 1425 1276 1487; x_wconf 78' lang='lat' dir='ltr'>Dc</span> 
     </span>
     <span class='ocr_line' id='line_1_7' title="bbox 226 1528 1362 1606; baseline 0 -17"><span class='ocrx_word' id='word_1_46' title='bbox 226 1530 314 1590; x_wconf 92' lang='lat' dir='ltr'>mitio</span> <span class='ocrx_word' id='word_1_47' title='bbox 335 1549 398 1590; x_wconf 89' lang='lat' dir='ltr'>non</span> <span class='ocrx_word' id='word_1_48' title='bbox 420 1529 594 1590; x_wconf 82' lang='lat' dir='ltr'>subveniat.</span> <span class='ocrx_word' id='word_1_49' title='bbox 638 1529 700 1588; x_wconf 85' lang='lat' dir='ltr'>‘At</span> <span class='ocrx_word' id='word_1_50' title='bbox 713 1547 805 1589; x_wconf 85' lang='lat' dir='ltr'>nemo</span> <span class='ocrx_word' id='word_1_51' title='bbox 819 1529 944 1588; x_wconf 86' lang='lat' dir='ltr'>dubitat</span> <span class='ocrx_word' id='word_1_52' title='bbox 955 1529 1031 1606; x_wconf 88' lang='lat' dir='ltr'>quin</span> <span class='ocrx_word' id='word_1_53' title='bbox 1046 1528 1185 1590; x_wconf 89' lang='lat' dir='ltr'>subsidio</span> <span class='ocrx_word' id='word_1_54' title='bbox 1204 1548 1274 1589; x_wconf 90' lang='lat' dir='ltr'>ven·</span> <span class='ocrx_word' id='word_1_55' title='bbox 1359 1598 1362 1603; x_wconf 23' lang='lat'>¹</span> 
     </span>
     <span class='ocr_line' id='line_1_8' title="bbox 224 1633 1308 1712; baseline 0.001 -17"><span class='ocrx_word' id='word_1_56' title='bbox 224 1642 312 1696; x_wconf 89' lang='lat' dir='ltr'>turus</span> <span class='ocrx_word' id='word_1_57' title='bbox 328 1635 389 1695; x_wconf 67' lang='lat' dir='ltr'>sit!</span> <span class='ocrx_word' id='word_1_58' title='bbox 431 1634 498 1710; x_wconf 85' lang='lat' dir='ltr'>Ego</span> <span class='ocrx_word' id='word_1_59' title='bbox 512 1654 574 1694; x_wconf 91' lang='lat' dir='ltr'>nou</span> <span class='ocrx_word' id='word_1_60' title='bbox 589 1641 676 1712; x_wconf 88' lang='lat' dir='ltr'>puto.</span> <span class='ocrx_word' id='word_1_61' title='bbox 719 1635 868 1694; x_wconf 90' lang='lat' dir='ltr'>‘Deseret</span> <span class='ocrx_word' id='word_1_62' title='bbox 888 1633 986 1710; x_wconf 85' lang='lat' dir='ltr'>igitur</span> <span class='ocrx_word' id='word_1_63' title='bbox 1006 1633 1100 1693; x_wconf 84' lang='lat' dir='ltr'>talem</span> <span class='ocrx_word' id='word_1_64' title='bbox 1122 1634 1223 1694; x_wconf 91' lang='lat' dir='ltr'>civem</span> <span class='ocrx_word' id='word_1_65' title='bbox 1244 1640 1308 1696; x_wconf 75' lang='lat' dir='ltr'>ets</span> 
     </span>
     <span class='ocr_line' id='line_1_9' title="bbox 224 1738 1275 1819; baseline -0.002 -19"><span class='ocrx_word' id='word_1_66' title='bbox 224 1759 276 1800; x_wconf 88' lang='lat' dir='ltr'>ecs</span> <span class='ocrx_word' id='word_1_67' title='bbox 291 1760 368 1819; x_wconf 89' lang='lat' dir='ltr'>quos</span> <span class='ocrx_word' id='word_1_68' title='bbox 384 1759 446 1800; x_wconf 85' lang='lat' dir='ltr'>una</span> <span class='ocrx_word' id='word_1_69' title='bbox 461 1740 522 1800; x_wconf 86' lang='lat' dir='ltr'>scis</span> <span class='ocrx_word' id='word_1_70' title='bbox 537 1757 604 1800; x_wconf 86' lang='lat' dir='ltr'>esse</span> <span class='ocrx_word' id='word_1_71' title='bbox 619 1759 688 1798; x_wconf 91' lang='lat' dir='ltr'>cum</span> <span class='ocrx_word' id='word_1_72' title='bbox 704 1738 818 1799; x_wconf 84' lang='lat' dir='ltr'>habeat</span> <span class='ocrx_word' id='word_1_73' title='bbox 833 1739 1016 1816; x_wconf 85' lang='lat' dir='ltr'>praesertim</span> <span class='ocrx_word' id='word_1_74' title='bbox 1031 1739 1060 1798; x_wconf 91' lang='lat' dir='ltr'>is</span> <span class='ocrx_word' id='word_1_75' title='bbox 1081 1739 1149 1816; x_wconf 89' lang='lat' dir='ltr'>ipse</span> <span class='ocrx_word' id='word_1_76' title='bbox 1171 1739 1275 1798; x_wconf 90' lang='lat' dir='ltr'>cohor-</span> 
     </span>
     <span class='ocr_line' id='line_1_10' title="bbox 223 1843 1274 1922; baseline -0.001 -17"><span class='ocrx_word' id='word_1_77' title='bbox 223 1852 272 1906; x_wconf 88' lang='lat' dir='ltr'>tes</span> <span class='ocrx_word' id='word_1_78' title='bbox 287 1845 458 1922; x_wconf 81' lang='lat' dir='ltr'>triginta?&#39;</span> <span class='ocrx_word' id='word_1_79' title='bbox 500 1845 573 1905; x_wconf 89' lang='lat' dir='ltr'>Nisi</span> <span class='ocrx_word' id='word_1_80' title='bbox 588 1864 637 1904; x_wconf 87' lang='lat' dir='ltr'>me</span> <span class='ocrx_word' id='word_1_81' title='bbox 652 1843 757 1904; x_wconf 84' lang='lat' dir='ltr'>omnia</span> <span class='ocrx_word' id='word_1_82' title='bbox 767 1843 895 1918; x_wconf 87' lang='lat' dir='ltr'>fallunt,</span> <span class='ocrx_word' id='word_1_83' title='bbox 907 1844 1038 1903; x_wconf 81' lang='lat' dir='ltr'>deseret.</span> <span class='ocrx_word' id='word_1_84' title='bbox 1081 1843 1274 1904; x_wconf 88' lang='lat' dir='ltr'>Incredibili-</span> 
     </span>
     <span class='ocr_line' id='line_1_11' title="bbox 223 1940 1275 2028; baseline -0.001 -18"><span class='ocrx_word' id='word_1_85' title='bbox 223 1957 271 2010; x_wconf 91' lang='lat' dir='ltr'>ter</span> <span class='ocrx_word' id='word_1_86' title='bbox 299 1951 472 2028; x_wconf 81' lang='lat' dir='ltr'>pertimuit,</span> <span class='ocrx_word' id='word_1_87' title='bbox 494 1950 574 2009; x_wconf 89' lang='lat' dir='ltr'>nihil</span> <span class='ocrx_word' id='word_1_88' title='bbox 604 1940 725 2028; x_wconf 82' lang='lat' dir='ltr'>spectet</span> <span class='ocrx_word' id='word_1_89' title='bbox 753 1949 816 2008; x_wconf 90' lang='lat' dir='ltr'>nisi</span> <span class='ocrx_word' id='word_1_90' title='bbox 838 1949 955 2024; x_wconf 87' lang='lat' dir='ltr'>fugam.</span> <span class='ocrx_word' id='word_1_91' title='bbox 998 1947 1077 2018; x_wconf 82' lang='lat' dir='ltr'>Quoi</span> <span class='ocrx_word' id='word_1_92' title='bbox 1104 1955 1141 2008; x_wconf 90' lang='lat' dir='ltr'>tu</span> <span class='ocrx_word' id='word_1_93' title='bbox 1170 1948 1275 2026; x_wconf 87' lang='lat' dir='ltr'>(video</span> 
     </span>
     <span class='ocr_line' id='line_1_12' title="bbox 223 2052 1275 2135; baseline 0 -21"><span class='ocrx_word' id='word_1_94' title='bbox 223 2057 316 2130; x_wconf 90' lang='lat' dir='ltr'>enim,</span> <span class='ocrx_word' id='word_1_95' title='bbox 340 2055 416 2134; x_wconf 90' lang='lat' dir='ltr'>quid</span> <span class='ocrx_word' id='word_1_96' title='bbox 442 2055 573 2135; x_wconf 86' lang='lat' dir='ltr'>sentias)</span> <span class='ocrx_word' id='word_1_97' title='bbox 598 2073 647 2114; x_wconf 91' lang='lat' dir='ltr'>me</span> <span class='ocrx_word' id='word_1_98' title='bbox 670 2053 815 2114; x_wconf 90' lang='lat' dir='ltr'>comitem</span> <span class='ocrx_word' id='word_1_99' title='bbox 840 2059 932 2131; x_wconf 83' lang='lat' dir='ltr'>putas</span> <span class='ocrx_word' id='word_1_100' title='bbox 955 2053 1067 2114; x_wconf 88' lang='lat' dir='ltr'>debere</span> <span class='ocrx_word' id='word_1_101' title='bbox 1088 2071 1165 2113; x_wconf 90' lang='lat' dir='ltr'>esse.</span> <span class='ocrx_word' id='word_1_102' title='bbox 1208 2052 1275 2130; x_wconf 85' lang='lat' dir='ltr'>Ego</span> 
     </span>
     <span class='ocr_line' id='line_1_13' title="bbox 224 2158 1322 2239; baseline 0.001 -21"><span class='ocrx_word' id='word_1_103' title='bbox 224 2180 297 2221; x_wconf 89' lang='lat' dir='ltr'>vero</span> <span class='ocrx_word' id='word_1_104' title='bbox 311 2180 402 2239; x_wconf 87' lang='lat' dir='ltr'>quem</span> <span class='ocrx_word' id='word_1_105' title='bbox 418 2161 539 2236; x_wconf 82' lang='lat' dir='ltr'>fugium</span> <span class='ocrx_word' id='word_1_106' title='bbox 560 2161 669 2235; x_wconf 84' lang='lat' dir='ltr'>habeo,</span> <span class='ocrx_word' id='word_1_107' title='bbox 693 2179 785 2238; x_wconf 92' lang='lat' dir='ltr'>quem</span> <span class='ocrx_word' id='word_1_108' title='bbox 808 2177 929 2237; x_wconf 84' lang='lat' dir='ltr'>sequar,</span> <span class='ocrx_word' id='word_1_109' title='bbox 952 2177 1013 2217; x_wconf 92' lang='lat' dir='ltr'>non</span> <span class='ocrx_word' id='word_1_110' title='bbox 1036 2158 1142 2218; x_wconf 86' lang='lat' dir='ltr'>habeo.</span> <span class='ocrx_word' id='word_1_111' title='bbox 1185 2159 1275 2229; x_wconf 73' lang='lat' dir='ltr'>Quod</span> <span class='ocrx_word' id='word_1_112' title='bbox 1294 2174 1322 2219; x_wconf 92' lang='lat'>10</span> 
     </span>
     <span class='ocr_line' id='line_1_14' title="bbox 224 2262 1275 2342; baseline -0.001 -17"><span class='ocrx_word' id='word_1_113' title='bbox 224 2266 306 2325; x_wconf 92' lang='lat' dir='ltr'>enim</span> <span class='ocrx_word' id='word_1_114' title='bbox 335 2272 371 2326; x_wconf 92' lang='lat' dir='ltr'>tu</span> <span class='ocrx_word' id='word_1_115' title='bbox 392 2285 495 2326; x_wconf 88' lang='lat' dir='ltr'>meum</span> <span class='ocrx_word' id='word_1_116' title='bbox 520 2265 630 2327; x_wconf 81' lang='lat' dir='ltr'>laudas</span> <span class='ocrx_word' id='word_1_117' title='bbox 655 2270 688 2324; x_wconf 90' lang='lat' dir='ltr'>et</span> <span class='ocrx_word' id='word_1_118' title='bbox 708 2264 941 2324; x_wconf 87' lang='lat' dir='ltr'>memorandum</span> <span class='ocrx_word' id='word_1_119' title='bbox 964 2262 1053 2337; x_wconf 88' lang='lat' dir='ltr'>dicis,</span> <span class='ocrx_word' id='word_1_120' title='bbox 1075 2262 1170 2323; x_wconf 84' lang='lat' dir='ltr'>malle</span> <span class='ocrx_word' id='word_1_121' title='bbox 1191 2265 1275 2342; x_wconf 92' lang='lat' dir='ltr'>quod</span> 
     </span>
     <span class='ocr_line' id='line_1_15' title="bbox 224 2369 1275 2449; baseline 0 -19"><span class='ocrx_word' id='word_1_122' title='bbox 224 2371 355 2430; x_wconf 83' lang='lat' dir='ltr'>dixerim</span> <span class='ocrx_word' id='word_1_123' title='bbox 371 2390 420 2431; x_wconf 91' lang='lat' dir='ltr'>me</span> <span class='ocrx_word' id='word_1_124' title='bbox 434 2391 506 2432; x_wconf 90' lang='lat' dir='ltr'>cum</span> <span class='ocrx_word' id='word_1_125' title='bbox 521 2372 671 2449; x_wconf 88' lang='lat' dir='ltr'>Pompeio</span> <span class='ocrx_word' id='word_1_126' title='bbox 685 2371 769 2430; x_wconf 89' lang='lat' dir='ltr'>vinci</span> <span class='ocrx_word' id='word_1_127' title='bbox 784 2390 877 2448; x_wconf 88' lang='lat' dir='ltr'>quam</span> <span class='ocrx_word' id='word_1_128' title='bbox 891 2389 960 2429; x_wconf 93' lang='lat' dir='ltr'>cum</span> <span class='ocrx_word' id='word_1_129' title='bbox 976 2369 1047 2429; x_wconf 87' lang='lat' dir='ltr'>istis</span> <span class='ocrx_word' id='word_1_130' title='bbox 1066 2370 1197 2446; x_wconf 88' lang='lat' dir='ltr'>vincere,</span> <span class='ocrx_word' id='word_1_131' title='bbox 1218 2389 1275 2447; x_wconf 89' lang='lat' dir='ltr'>ego</span> 
     </span>
     <span class='ocr_line' id='line_1_16' title="bbox 223 2477 1274 2556; baseline 0 -20"><span class='ocrx_word' id='word_1_132' title='bbox 223 2496 297 2537; x_wconf 90' lang='lat' dir='ltr'>vero</span> <span class='ocrx_word' id='word_1_133' title='bbox 311 2477 394 2537; x_wconf 85' lang='lat' dir='ltr'>malo</span> <span class='ocrx_word' id='word_1_134' title='bbox 409 2479 464 2538; x_wconf 91' lang='lat' dir='ltr'>sed</span> <span class='ocrx_word' id='word_1_135' title='bbox 478 2498 548 2539; x_wconf 88' lang='lat' dir='ltr'>cum</span> <span class='ocrx_word' id='word_1_136' title='bbox 563 2478 620 2538; x_wconf 92' lang='lat' dir='ltr'>illo</span> <span class='ocrx_word' id='word_1_137' title='bbox 635 2478 784 2556; x_wconf 90' lang='lat' dir='ltr'>Pompeio</span> <span class='ocrx_word' id='word_1_138' title='bbox 799 2477 935 2555; x_wconf 86' lang='lat' dir='ltr'>quitum</span> <span class='ocrx_word' id='word_1_139' title='bbox 957 2483 1024 2537; x_wconf 79' lang='lat' dir='ltr'>erat</span> <span class='ocrx_word' id='word_1_140' title='bbox 1045 2482 1100 2536; x_wconf 89' lang='lat' dir='ltr'>aut</span> <span class='ocrx_word' id='word_1_141' title='bbox 1121 2477 1175 2554; x_wconf 89' lang='lat' dir='ltr'>qui</span> <span class='ocrx_word' id='word_1_142' title='bbox 1196 2477 1274 2536; x_wconf 91' lang='lat' dir='ltr'>mihi</span> 
     </span>
     <span class='ocr_line' id='line_1_17' title="bbox 223 2581 1275 2661; baseline 0 -19"><span class='ocrx_word' id='word_1_143' title='bbox 223 2601 289 2642; x_wconf 89' lang='lat' dir='ltr'>esse</span> <span class='ocrx_word' id='word_1_144' title='bbox 305 2583 478 2659; x_wconf 84' lang='lat' dir='ltr'>videbatur,</span> <span class='ocrx_word' id='word_1_145' title='bbox 495 2602 565 2643; x_wconf 92' lang='lat' dir='ltr'>cum</span> <span class='ocrx_word' id='word_1_146' title='bbox 581 2584 640 2643; x_wconf 90' lang='lat' dir='ltr'>hoc</span> <span class='ocrx_word' id='word_1_147' title='bbox 653 2602 728 2643; x_wconf 87' lang='lat' dir='ltr'>vero</span> <span class='ocrx_word' id='word_1_148' title='bbox 748 2583 804 2661; x_wconf 92' lang='lat' dir='ltr'>qui</span> <span class='ocrx_word' id='word_1_149' title='bbox 824 2589 896 2643; x_wconf 84' lang='lat' dir='ltr'>aute</span> <span class='ocrx_word' id='word_1_150' title='bbox 919 2582 1002 2658; x_wconf 84' lang='lat' dir='ltr'>fugit</span> <span class='ocrx_word' id='word_1_151' title='bbox 1024 2601 1117 2660; x_wconf 89' lang='lat' dir='ltr'>quam</span> <span class='ocrx_word' id='word_1_152' title='bbox 1140 2581 1200 2642; x_wconf 80' lang='lat' dir='ltr'>scit</span> <span class='ocrx_word' id='word_1_153' title='bbox 1220 2588 1275 2642; x_wconf 84' lang='lat' dir='ltr'>aut</span> 
     </span>
     <span class='ocr_line' id='line_1_18' title="bbox 223 2687 1322 2769; baseline 0.002 -23"><span class='ocrx_word' id='word_1_154' title='bbox 223 2707 314 2765; x_wconf 86' lang='lat' dir='ltr'>quem</span> <span class='ocrx_word' id='word_1_155' title='bbox 330 2688 433 2764; x_wconf 85' lang='lat' dir='ltr'>fugiat</span> <span class='ocrx_word' id='word_1_156' title='bbox 447 2695 502 2748; x_wconf 83' lang='lat' dir='ltr'>aut</span> <span class='ocrx_word' id='word_1_157' title='bbox 518 2710 587 2768; x_wconf 90' lang='lat' dir='ltr'>quc,</span> <span class='ocrx_word' id='word_1_158' title='bbox 603 2690 658 2769; x_wconf 91' lang='lat' dir='ltr'>qui</span> <span class='ocrx_word' id='word_1_159' title='bbox 680 2697 788 2751; x_wconf 83' lang='lat' dir='ltr'>nostra</span> <span class='ocrx_word' id='word_1_160' title='bbox 809 2689 951 2765; x_wconf 86' lang='lat' dir='ltr'>tradidit,</span> <span class='ocrx_word' id='word_1_161' title='bbox 974 2689 1028 2768; x_wconf 88' lang='lat' dir='ltr'>qui</span> <span class='ocrx_word' id='word_1_162' title='bbox 1050 2687 1185 2767; x_wconf 86' lang='lat' dir='ltr'>patriam</span> <span class='ocrx_word' id='word_1_163' title='bbox 1206 2687 1322 2748; x_wconf 79' lang='lat' dir='ltr'>reli-15</span> 
     </span>
     <span class='ocr_line' id='line_1_19' title="bbox 222 2784 1380 2873; baseline 0.003 -23"><span class='ocrx_word' id='word_1_164' title='bbox 222 2792 300 2868; x_wconf 89' lang='lat' dir='ltr'>quit,</span> <span class='ocrx_word' id='word_1_165' title='bbox 312 2793 444 2862; x_wconf 76' lang='lat' dir='ltr'>¹Italiam</span> <span class='ocrx_word' id='word_1_166' title='bbox 458 2794 619 2872; x_wconf 88' lang='lat' dir='ltr'>relinquit,</span> <span class='ocrx_word' id='word_1_167' title='bbox 636 2797 662 2856; x_wconf 92' lang='lat' dir='ltr'>si</span> <span class='ocrx_word' id='word_1_168' title='bbox 677 2797 784 2873; x_wconf 82' lang='lat' dir='ltr'>malui,</span> <span class='ocrx_word' id='word_1_169' title='bbox 796 2797 938 2873; x_wconf 86' lang='lat' dir='ltr'>contigit,</span> <span class='ocrx_word' id='word_1_170' title='bbox 950 2797 1052 2856; x_wconf 88' lang='lat' dir='ltr'>victus</span> <span class='ocrx_word' id='word_1_171' title='bbox 1065 2814 1142 2855; x_wconf 90' lang='lat' dir='ltr'>sum.</span> <span class='ocrx_word' id='word_1_172' title='bbox 1184 2793 1273 2864; x_wconf 79' lang='lat' dir='ltr'>Quod</span> <span class='ocrx_word' id='word_1_173' title='bbox 1377 2784 1380 2792; x_wconf 70' lang='grc'>’</span> 
     </span>
     <span class='ocr_line' id='line_1_20' title="bbox 223 2893 1273 2981; baseline 0 -25"><span class='ocrx_word' id='word_1_174' title='bbox 223 2904 374 2974; x_wconf 81' lang='lat' dir='ltr'>superest,</span> <span class='ocrx_word' id='word_1_175' title='bbox 390 2917 445 2959; x_wconf 88' lang='lat' dir='ltr'>nec</span> <span class='ocrx_word' id='word_1_176' title='bbox 467 2899 531 2960; x_wconf 83' lang='lat' dir='ltr'>istu</span> <span class='ocrx_word' id='word_1_177' title='bbox 550 2901 657 2962; x_wconf 87' lang='lat' dir='ltr'>videre</span> <span class='ocrx_word' id='word_1_178' title='bbox 680 2922 805 2981; x_wconf 90' lang='lat' dir='ltr'>possum</span> <span class='ocrx_word' id='word_1_179' title='bbox 828 2921 907 2980; x_wconf 85' lang='lat' dir='ltr'>quae</span> <span class='ocrx_word' id='word_1_180' title='bbox 929 2893 1097 2979; x_wconf 84' lang='lat' dir='ltr'>numquam</span> <span class='ocrx_word' id='word_1_181' title='bbox 1120 2899 1212 2958; x_wconf 86' lang='lat' dir='ltr'>timui</span> <span class='ocrx_word' id='word_1_182' title='bbox 1233 2917 1273 2957; x_wconf 91' lang='lat' dir='ltr'>ne</span> 
     </span>
     <span class='ocr_line' id='line_1_21' title="bbox 222 3001 1273 3086; baseline 0.002 -26"><span class='ocrx_word' id='word_1_183' title='bbox 222 3001 359 3062; x_wconf 85' lang='lat' dir='ltr'>viderem</span> <span class='ocrx_word' id='word_1_184' title='bbox 375 3023 431 3065; x_wconf 88' lang='lat' dir='ltr'>nec</span> <span class='ocrx_word' id='word_1_185' title='bbox 447 3006 623 3067; x_wconf 86' lang='lat' dir='ltr'>mehercule</span> <span class='ocrx_word' id='word_1_186' title='bbox 637 3007 734 3068; x_wconf 90' lang='lat' dir='ltr'>istum</span> <span class='ocrx_word' id='word_1_187' title='bbox 750 3013 878 3086; x_wconf 89' lang='lat' dir='ltr'>propter</span> <span class='ocrx_word' id='word_1_188' title='bbox 892 3026 985 3084; x_wconf 92' lang='lat' dir='ltr'>quem</span> <span class='ocrx_word' id='word_1_189' title='bbox 999 3005 1077 3065; x_wconf 91' lang='lat' dir='ltr'>mihi</span> <span class='ocrx_word' id='word_1_190' title='bbox 1098 3023 1160 3064; x_wconf 92' lang='lat' dir='ltr'>non</span> <span class='ocrx_word' id='word_1_191' title='bbox 1182 3004 1273 3063; x_wconf 91' lang='lat' dir='ltr'>modo</span> 
     </span>
     <span class='ocr_line' id='line_1_22' title="bbox 222 3108 840 3193; baseline 0.013 -28"><span class='ocrx_word' id='word_1_192' title='bbox 222 3108 300 3168; x_wconf 89' lang='lat' dir='ltr'>meis</span> <span class='ocrx_word' id='word_1_193' title='bbox 315 3111 370 3170; x_wconf 89' lang='lat' dir='ltr'>sed</span> <span class='ocrx_word' id='word_1_194' title='bbox 384 3119 500 3172; x_wconf 90' lang='lat' dir='ltr'>memet</span> <span class='ocrx_word' id='word_1_195' title='bbox 514 3113 584 3193; x_wconf 89' lang='lat' dir='ltr'>ipso</span> <span class='ocrx_word' id='word_1_196' title='bbox 599 3114 765 3174; x_wconf 81' lang='lat' dir='ltr'>carendum</span> <span class='ocrx_word' id='word_1_197' title='bbox 782 3119 840 3173; x_wconf 88' lang='lat' dir='ltr'>est.</span> 
     </span>
    </p>

    <p class='ocr_par' dir='ltr' id='par_1_6' title="bbox 221 3214 1322 3509">
     <span class='ocr_line' id='line_1_23' title="bbox 266 3214 1322 3297; baseline 0.002 -24"><span class='ocrx_word' id='word_1_198' title='bbox 266 3215 318 3274; x_wconf 91' lang='lat' dir='ltr'>Ad</span> <span class='ocrx_word' id='word_1_199' title='bbox 334 3217 543 3278; x_wconf 88' lang='lat' dir='ltr'>Philotimum</span> <span class='ocrx_word' id='word_1_200' title='bbox 562 3219 673 3297; x_wconf 85' lang='lat' dir='ltr'>scripsi</span> <span class='ocrx_word' id='word_1_201' title='bbox 695 3219 733 3278; x_wconf 93' lang='lat' dir='ltr'>de</span> <span class='ocrx_word' id='word_1_202' title='bbox 754 3218 871 3278; x_wconf 86' lang='lat' dir='ltr'>viatico</span> <span class='ocrx_word' id='word_1_203' title='bbox 893 3216 960 3277; x_wconf 87' lang='lat' dir='ltr'>sive</span> <span class='ocrx_word' id='word_1_204' title='bbox 981 3235 999 3276; x_wconf 83' lang='lat' dir='ltr'>a</span> <span class='ocrx_word' id='word_1_205' title='bbox 1019 3217 1147 3276; x_wconf 85' lang='lat' dir='ltr'>Moneta</span> <span class='ocrx_word' id='word_1_206' title='bbox 1170 3214 1273 3293; x_wconf 89' lang='lat' dir='ltr'>(nemo</span> <span class='ocrx_word' id='word_1_207' title='bbox 1292 3230 1322 3275; x_wconf 76' lang='lat' dir='ltr'>no</span> 
     </span>
     <span class='ocr_line' id='line_1_24' title="bbox 222 3319 1315 3404; baseline -0.005 -20"><span class='ocrx_word' id='word_1_208' title='bbox 222 3324 304 3384; x_wconf 88' lang='lat' dir='ltr'>enim</span> <span class='ocrx_word' id='word_1_209' title='bbox 328 3323 437 3404; x_wconf 85' lang='lat' dir='ltr'>solvit)</span> <span class='ocrx_word' id='word_1_210' title='bbox 461 3323 527 3384; x_wconf 86' lang='lat' dir='ltr'>sive</span> <span class='ocrx_word' id='word_1_211' title='bbox 549 3323 588 3383; x_wconf 82' lang='lat' dir='ltr'>ab</span> <span class='ocrx_word' id='word_1_212' title='bbox 610 3323 730 3401; x_wconf 86' lang='lat' dir='ltr'>Oppiis,</span> <span class='ocrx_word' id='word_1_213' title='bbox 752 3323 817 3383; x_wconf 88' lang='lat' dir='ltr'>tuis</span> <span class='ocrx_word' id='word_1_214' title='bbox 838 3320 1121 3382; x_wconf 77' lang='lat' dir='ltr'>contubernalibus.</span> <span class='ocrx_word' id='word_1_215' title='bbox 1163 3319 1274 3380; x_wconf 83' lang='lat' dir='ltr'>Cetera</span> <span class='ocrx_word' id='word_1_216' title='bbox 1313 3393 1315 3399; x_wconf 13' lang='grc' dir='ltr'><strong><em>γ</em></strong></span> 
     </span>
     <span class='ocr_line' id='line_1_25' title="bbox 221 3428 618 3509; baseline -0.003 -20"><span class='ocrx_word' id='word_1_217' title='bbox 221 3429 367 3509; x_wconf 83' lang='lat' dir='ltr'>apposite</span> <span class='ocrx_word' id='word_1_218' title='bbox 380 3428 441 3490; x_wconf 93' lang='lat' dir='ltr'>tibi</span> <span class='ocrx_word' id='word_1_219' title='bbox 456 3428 618 3489; x_wconf 82' lang='lat' dir='ltr'>mandabo.</span> 
     </span>
    </p>
   </div>
   <div class='ocr_carea' id='block_1_6' title="bbox 0 0 1534 4284">
    <p class='ocr_par' dir='ltr' id='par_1_7' title="bbox 0 0 1534 4284">
     <span class='ocr_line' id='line_1_26' title="bbox 0 0 1534 4284; baseline 0 1"><span class='ocrx_word' id='word_1_220' title='bbox 0 0 1534 4284; x_wconf 95' lang='lat' dir='ltr'> </span> 
     </span>
    </p>
   </div>
  </div>
 </body>
</html>
