3058 4284
266 341 331 408 132
593 352 717 408 LATIN
742 352 991 409 SELECTIONS

263 523 422 600 negotium
451 523 651 584 confecimus.
708 522 822 583 Hilara
850 542 924 584 sane
953 523 1133 583 Saturnalia
1158 523 1314 585 militibus

263 647 385 707 quoque
411 627 525 706 quibus
550 628 689 706 exceptis
714 631 876 704 mancipiis
897 627 1050 706 reliquam
1076 629 1221 706 praedam
1246 648 1315 690 con·

263 734 422 796 cessimus,
466 733 626 811 Mancipia
651 733 802 794 venibant
831 732 1050 794 Saturnalibus
1078 733 1191 795 tertiis.
1234 734 1312 795 Cum

263 840 339 900 haec
362 839 544 912 scribebam,
570 837 603 897 in
624 838 776 898 tribunali
802 858 851 899 res
875 845 943 898 erat
971 839 1010 898 ad
1035 839 1091 899 Hs
1113 831 1185 899 cxi.
1228 841 1314 900 Hinc

227 945 433 1008 ltexercitum
450 944 483 1003 in
498 944 629 1004 hiberna
643 944 710 1020 agri
732 944 812 1004 male
835 944 936 1022 pacati
959 944 1177 1004 deducendum
1198 945 1314 1016 Quinto

262 1050 355 1110 fratri
370 1051 499 1122 dabam;
522 1049 589 1127 ipse
602 1068 650 1108 me
666 1049 853 1110 Laodiceam
868 1049 1064 1127 recipiebam.

302 1157 391 1216 Haec
412 1155 522 1215 adhue.
565 1155 627 1214 Sed
655 1155 696 1215 ad
717 1155 888 1233 praeterita
911 1161 1113 1215 revertamur.
1155 1156 1244 1226 Quod
1265 1175 1314 1216 me

261 1261 398 1321 maxime
420 1260 555 1320 hortaris
581 1266 613 1320 et
637 1260 721 1338 quod
743 1260 843 1338 pluris
866 1266 915 1320 est
939 1278 1032 1336 quam
1057 1259 1172 1336 omnia,
1196 1261 1230 1320 in
1252 1280 1315 1338 quo

262 1366 384 1426 laboras
404 1371 440 1425 ut
461 1365 556 1425 etiam
579 1365 730 1442 Ligurino
751 1367 839 1446 μώμῳ
853 1365 930 1425 satis
952 1365 1114 1442 faciamus,
1145 1366 1259 1426 moriar
1287 1367 1314 1427 si

213 1487 242 1532 10
262 1471 427 1549 quiequam
450 1470 518 1529 fieri
540 1476 644 1548 potest
665 1471 847 1547 elegantius.
890 1471 958 1529 Nec
979 1469 1041 1530 iam
1064 1489 1122 1548 ego
1142 1471 1223 1532 hanc
1246 1490 1315 1531 con-

261 1575 428 1636 tinentiam
452 1575 585 1653 appello,
607 1593 687 1652 quae
709 1576 810 1636 virtus
832 1574 989 1653 voluptati
1011 1575 1156 1636 resistere
1178 1576 1313 1637 videtur.

261 1682 328 1756 Ego
342 1680 376 1740 in
390 1682 457 1740 vita
472 1699 541 1740 mea
555 1681 644 1740 nulla
657 1699 805 1758 umquam
827 1680 991 1759 voluptate
1012 1686 1102 1740 tanta
1123 1700 1191 1741 sum
1213 1682 1315 1742 adfee

261 1792 312 1846 tus
328 1793 446 1864 quanta
459 1779 588 1846 adficior
602 1784 660 1844 hac
677 1785 868 1861 integritate,
891 1805 947 1845 nec
969 1805 1018 1845 me
1040 1792 1104 1846 tarn
1127 1786 1213 1847 fama
1234 1805 1314 1865 quae

262 1910 384 1950 summa
407 1897 457 1951 est
479 1909 573 1969 quam
598 1885 646 1950 r'es
670 1890 739 1968 ipsa
760 1891 905 1951 delectat.
947 1890 1031 1962 Quid
1060 1891 1212 1969 quaeris?
1251 1892 1315 1952 fuit

213 2014 241 2058 15
261 1995 352 2056 tanti.
395 1997 447 2055 Me
465 1995 533 2073 ipse
554 2014 617 2054 non
638 2014 746 2055 noram
768 2014 824 2055 nec
847 1995 923 2056 satis
946 1996 1081 2057 sciebam
1102 1997 1180 2074 quid
1201 1998 1235 2056 in
1255 1998 1315 2058 hoc

261 2119 372 2177 genere
395 2101 498 2160 facere
520 2120 651 2178 possem.
694 2103 791 2161 Recte
817 2105 990 2180 πεφύσημοι.
1032 2100 1125 2161 Nihil
1153 2109 1202 2162 est
1230 2121 1315 2180 prae

262 2206 386 2266 clarius.
429 2206 559 2265 Interim
590 2207 666 2266 haee
694 2210 818 2284 λαμπροί.
869 2206 1095 2267 Ariobarzanes
1123 2226 1218 2284 opera
1246 2227 1315 2269 mea

261 2311 351 2385 vivit,
368 2317 494 2388 regnat5
511 2315 541 2373 ἐν
555 2311 805 2391 napttpconsilio
821 2317 853 2371 et
875 2312 1061 2372 auctoritate
1083 2318 1115 2372 et
1136 2314 1220 2389 quod
1241 2312 1315 2374 insi·
1381 2388 1385 2401 Ι

261 2415 435 2476 diatoribus
450 2416 517 2476 eius
532 2417 686 2494 ἀπρόσιτον
699 2434 749 2475 me
763 2435 825 2475 non
841 2417 933 2476 modo
947 2417 1155 2497 ἀδωροδόκητον
1174 2419 1313 2495 praebui,

212 2539 241 2584 20
261 2540 365 2596 regem
380 2540 571 2598 regnumque
586 2521 717 2582 servavi.
761 2522 888 2581 Interea
905 2541 922 2582 e
940 2522 1139 2600 Cappadocia
1156 2542 1195 2583 ne
1213 2523 1313 2601 pilum

262 2626 395 2703 quidem.
440 2627 573 2686 Brutum
595 2626 749 2686 abiectum
772 2633 925 2704 quantum
939 2627 1029 2705 potui
1043 2627 1196 2704 excitavi5
1219 2647 1312 2707 quem

261 2749 323 2790 non
350 2731 455 2790 minus
483 2749 552 2790 amo
580 2749 675 2808 quam
703 2737 749 2806 tu,
778 2750 876 2808 paene
901 2731 977 2805 dixi,
1004 2750 1097 2810 quam
1123 2737 1163 2791 te.
1207 2734 1313 2812 Atque

260 2835 354 2895 etiam
377 2855 467 2913 spero
488 2841 555 2895 toto
577 2854 658 2895 anno
679 2835 804 2914 imperii
825 2836 926 2896 nostri
946 2836 1139 2896 terruncium
1169 2845 1312 2916 sumptus

260 2940 293 2998 in
308 2940 470 3017 provincia
483 2941 605 3000 nullum
620 2941 696 3000 fore.

210 3062 239 3106 25
300 3045 408 3106 Habes
437 3046 549 3104 omnia.
591 3046 686 3105 Nunc
718 3046 842 3123 publice
870 3047 994 3108 litteras
1022 3048 1154 3108 Romam
1186 3048 1312 3109 mittere

259 3150 415 3227 parabam.
459 3150 628 3212 Uberiores
650 3157 743 3210 erunt
764 3171 856 3228 quam
879 3153 906 3212 si
929 3172 966 3212 ex
994 3153 1118 3212 Amano
1146 3153 1310 3214 misissem.

259 3255 304 3313 At
318 3261 349 3314 te
365 3255 483 3315 Romae
499 3274 560 3314 non
575 3255 660 3314 forel
703 3256 763 3315 Sed
779 3262 827 3316 est
842 3263 944 3316 totum
962 3261 994 3316 in
1012 3277 1044 3317 ec
1062 3259 1139 3335 quid
1156 3259 1312 3320 Kalendis

260 3360 386 3419 Martiis
408 3360 551 3419 futurum
573 3361 622 3420 sit.
665 3362 782 3422 Vereor
811 3362 892 3421 enim
921 3381 969 3438 ne,
995 3381 1065 3422 curn
1088 3363 1127 3422 de
1151 3365 1313 3441 provincia
1339 3350 1342 3354 ⁵

259 3471 378 3540 agetur,
395 3466 422 3524 si
438 3465 551 3524 Caesar
565 3465 701 3542 resistet,
720 3486 776 3527 nos
794 3468 993 3528 retineamur.
1036 3469 1098 3529 His
1120 3474 1155 3528 tu
1178 3469 1205 3529 si
1226 3471 1312 3530 ades-

210 3587 240 3632 30
259 3587 317 3644 ses,
333 3569 415 3629 nihil
429 3569 582 3633 timerem.

299 3675 407 3734 Redeo
422 3675 461 3734 ad
472 3675 590 3736 urbana
603 3696 683 3754 quae
698 3696 754 3755 ego
769 3678 823 3738 diu
841 3678 989 3755 ignorans
1010 3699 1049 3739 ex
1069 3679 1134 3740 tuis
1156 3680 1312 3742 iucundis·

260 3779 348 3842 simis
362 3778 479 3840 litteris
494 3799 519 3842 a.
537 3781 564 3840 d.
583 3801 606 3841 v
626 3783 699 3843 Kal.
723 3783 887 3846 Ianuarias
908 3785 1043 3864 denique
1066 3786 1205 3864 cognovi.
1248 3787 1311 3848 Eas
