3038 4278
262 291 306 358 46
585 297 710 353 LATIN
736 297 986 352 SELEC'PIONS

262 470 484 546 antesignanos
499 475 531 528 et
546 468 609 528 iam
629 468 720 544 signa
741 473 902 528 moverant
921 468 1007 544 loco;
1029 468 1143 530 deinde
1159 475 1320 530 crescente

262 574 432 636 certamine
447 580 479 634 et
494 574 628 634 clamore
643 572 838 651 inpotentius
854 573 916 634 iam
928 573 993 649 regi
1009 579 1040 633 et
1054 574 1137 634 inter
1146 575 1224 635 duas
1236 574 1319 636 acies

263 679 390 752 versari,
405 679 494 740 velut
508 678 620 739 incerti
638 697 769 756 quorum
784 684 899 752 essent,
914 678 998 738 haud
1015 678 1214 740 dissimiliter
1233 680 1320 740 navi-

261 784 320 844 bus
335 784 403 844 sine
418 784 627 860 gubernaculo
642 783 738 860 vagis.
782 783 933 844 Claudius
949 783 1051 861 “quid
1066 803 1139 860 ergo
1153 784 1320 863 praecipiti

212 908 227 951 1
261 907 355 949 11111
366 895 430 949 tam
446 889 573 965 longum
585 890 646 948 iter
661 889 779 950 emensi
794 889 951 949 sumus''?
972 888 1140 950 clamitans
1151 889 1318 965 militibus,

261 1012 331 1054 cum
346 994 381 1054 in
395 995 561 1055 adversum
579 994 690 1054 collem
706 995 827 1054 frustra
841 993 932 1070 signa
946 994 1064 1070 erigere
1079 1000 1210 1055 conatus
1224 1000 1318 1070 esset,

262 1105 428 1178 postquam
444 1118 481 1159 ea
495 1099 620 1176 regione
634 1099 792 1176 penetrari
807 1100 847 1159 ad
862 1097 983 1159 hostem
998 1119 1061 1158 non
1074 1099 1202 1159 videbat
1216 1117 1318 1177 posse,

261 1203 404 1264 cohortes
426 1204 548 1281 aliquot
577 1205 747 1265 subductas
770 1222 787 1263 e
811 1204 923 1264 dextro
947 1223 1043 1263 cornu
1071 1204 1124 1263 ubi
1148 1203 1316 1265 stationem

261 1308 361 1385 magis
382 1327 508 1384 segnem
526 1327 618 1386 quam
637 1327 773 1386 pugnam
792 1309 934 1369 futuram
951 1309 1106 1383 cernebat,
1127 1314 1199 1386 post
1218 1308 1317 1368 aciem

213 1426 242 1471 1o
262 1413 468 1474 circumducit
482 1423 514 1474 ot
527 1433 590 1500 non
605 1414 749 1480 hostibus
764 1415 855 1474 modo
869 1414 923 1473 sed
939 1413 1034 1474 etiam
1049 1413 1113 1474 suis
1128 1413 1318 1492 inopinanti-

261 1517 319 1578 bus
340 1517 373 1577 in
396 1519 541 1579 dextrum
561 1518 700 1580 hostium
721 1518 805 1579 latus
827 1517 977 1593 incurrit;
1000 1523 1151 1597 tantaque
1172 1517 1317 1579 celeritas

260 1623 325 1684 fuit
345 1629 390 1699 11,
414 1643 485 1684 cum
508 1624 720 1684 ostendissent
743 1642 776 1684 se
799 1625 839 1684 ab
861 1623 969 1698 latere,
994 1642 1065 1682 mox
1088 1623 1121 1682 in
1142 1629 1232 1699 terga
1251 1623 1316 1684 iam

260 1735 444 1806 pugnarent.
488 1730 541 1788 Ita
560 1747 599 1788 ex
621 1729 765 1789 omnibus
785 1728 937 1806 partibus,
957 1729 997 1788 ab
1015 1729 1130 1804 fronte,
1150 1729 1189 1788 ab
1207 1728 1315 1804 latere,

261 1833 300 1893 ab
314 1840 411 1909 tergo,
427 1834 625 1894 trucidantur
643 1833 782 1912 Hispani
799 1833 1003 1911 Liguresque,
1021 1840 1053 1893 et
1072 1835 1112 1894 ad
1126 1833 1236 1895 Gallos
1252 1833 1314 1894 ianr

212 1954 241 1999 15
260 1938 371 1998 caedes
390 1944 585 2016 pervenerat.
628 1938 678 1998 lbi
701 1938 866 1998 minimum
886 1939 1067 1998 certaminis
1085 1937 1166 1998 fuit:
1188 1957 1258 1998 nam
1283 1946 1316 1998 et

260 2062 332 2121 pars
348 2061 460 2119 magna
474 2044 513 2105 ab
528 2044 627 2121 signis
647 2044 785 2118 aberant,
800 2049 890 2103 nocte
905 2043 1022 2121 dilapsi
1037 2043 1191 2121 stratique
1207 2062 1315 2104 somno

259 2147 377 2225 passim
392 2167 448 2226 per
462 2167 562 2225 agros,
577 2148 678 2226 etqui
697 2149 836 2222 aderant,
852 2147 964 2208 itinere
982 2166 1017 2208 ac
1031 2147 1151 2224 vigiliis
1166 2147 1253 2222 fessi,
1269 2147 1316 2207 11-

260 2252 506 2314 tolerantissima
521 2253 637 2314 laboris
656 2271 794 2331 corpora,
809 2252 864 2311 vix
884 2271 974 2312 arma
990 2252 1106 2313 umeris
1128 2252 1313 2329 gestabant3

260 2363 292 2416 et
306 2357 368 2417 iam
384 2357 448 2418 diei
462 2358 597 2417 medium
615 2364 690 2432 erat,
707 2357 840 2434 sitisque
855 2362 886 2417 st
901 2356 985 2417 calor
1000 2357 1125 2417 hiantes
1140 2357 1314 2418 caedendos

211 2481 241 2526 20
259 2461 489 2541 capiendosque
504 2463 638 2523 adfatim
653 2462 830 2541 praebebat.
873 2447 1045 2540 Eleph'anti
1060 2461 1167 2539 plures
1181 2463 1220 2522 ab
1234 2462 1313 2539 ipsis

259 2567 431 2628 rectoribus
446 2587 541 2646 quam
555 2568 595 2627 ab
605 2567 696 2628 hoste
711 2567 881 2626 interfecti.
925 2566 1051 2627 Fabrile
1067 2567 1224 2644 scalprum
1241 2584 1312 2626 cunr

259 2671 373 2732 malleo
394 2673 568 2747 habebant3
591 2672 633 2748 id,
655 2672 709 2732 ubi
737 2672 856 2732 saevire
879 2671 989 2732 beluae
1011 2690 1047 2731 ac
1071 2690 1161 2730 ruere
1185 2671 1219 2730 in
1240 2690 1313 2731 suos

258 2783 433 2855 coeperant,
449 2777 599 2853 magister
613 2777 696 2837 inter
711 2796 800 2838 aures
815 2761 962 2855 positum,
978 2777 1046 2854 ipso
1055 2776 1088 2835 in
1103 2776 1235 2836 articulo
1250 2795 1313 2853 quo

258 2881 401 2957 iungitur
414 2882 511 2960 capiti
525 2881 640 2956 cervix,
656 2887 774 2959 quanto
788 2881 925 2942 maximo
939 2886 1062 2959 poterat
1077 2881 1143 2940 ictu
1157 2880 1311 2956 adigebat.

210 3005 239 3051 as
258 2988 306 3047 Ea
324 2986 488 3047 celerrima
505 2986 558 3046 via
571 2987 681 3047 mortis
700 2987 733 3046 in
751 2992 859 3046 tantae
876 2985 969 3046 molis
987 2985 1079 3046 belna
1096 2985 1227 3046 inventa
1244 2992 1312 3046 erat

258 3091 312 3152 ubi
327 3091 464 3168 regentis
479 3091 646 3170 imperium
667 3090 867 3169 sprevissent,
883 3089 1066 3168 primusque
1080 3090 1114 3151 id
1129 3090 1312 3164 Hasdrubal

258 3196 449 3272 instituerat,
465 3197 529 3256 dux
543 3215 614 3256 cum
631 3215 722 3274 saepe
742 3195 819 3256 alias
836 3195 1056 3270 memorabilis,
1071 3200 1139 3254 tum
1157 3194 1213 3255 illa
1227 3213 1312 3273 prae-

258 3303 348 3380 cipue
368 3321 481 3380 pugna.
524 3301 585 3360 Ille
603 3307 779 3380 pugnantes
795 3301 951 3360 hortando
968 3299 1147 3377 pariterque
1169 3299 1311 3360 obeundo

258 3407 397 3486 pericula
411 3405 573 3481 sustinuit,
589 3405 642 3465 ille
661 3407 762 3467 fessos
780 3406 1013 3483 abnuentesque
1032 3405 1138 3465 taedio
1157 3410 1189 3465 11
1204 3403 1311 3465 labore

210 3533 239 3578 30
258 3532 341 3573 nunc
369 3513 525 3590 precando
552 3529 637 3572 nunc
664 3511 847 3587 castigando
881 3511 1041 3586 accendit;
1070 3509 1126 3570 ille
1151 3509 1310 3587 fugientes

259 3619 418 3678 revocavit
439 3617 649 3694 omissamque
669 3635 806 3694 pugnam
825 3616 947 3694 aliquot
965 3615 1042 3677 locis
1062 3614 1220 3691 restituit3
1243 3634 1311 3693 pos-

258 3729 357 3782 tremo
372 3741 442 3782 cnm
458 3722 547 3782 ‘haud
566 3720 658 3782 dubie
678 3722 807 3781 fortuna
824 3719 963 3780 hostium
978 3726 1071 3795 esset,
1091 3739 1130 3781 ne
1149 3715 1309 3798 'superstes
