3038 4278
257 324 303 394 70
579 336 704 393 111111
729 336 979 394 suuucrrous

256 509 315 569 bus
329 509 411 569 datis
428 509 460 568 in
472 508 671 585 adoptionem
687 507 769 568 solos
784 507 919 568 nominis
934 526 1092 568 sacrorum
1106 507 1310 586 familiaeque

256 613 386 674 heredes
415 613 587 674 retinuerat
620 612 713 686 domi,
744 613 852 686 minor,
883 613 981 672 ferme
1017 613 1179 673 duodecim
1211 631 1309 673 annos

256 725 359 795 natus,
387 719 525 798 quinque
553 717 662 778 diebus
693 723 766 778 ante
793 717 996 796 triumphurn,
1025 718 1123 778 maior
1151 723 1311 796 quattuor-

256 825 355 885 decim
392 843 542 885 ennorum
578 824 684 884 triduo
714 829 785 901 post
817 823 1014 900 triumphum
1044 823 1195 898 decessit3
1232 842 1309 900 quos

221 936 469 1008 epraetextatos
498 948 590 990 curru
624 928 697 988 vehi
731 947 803 988 curn
837 933 936 1007 patre,
972 927 1033 988 sibi
1068 929 1154 1006 ipsos
1189 927 1308 988 similes

255 1036 525 1114 praedestinantes
554 1034 739 1112 triumphos,
768 1039 956 1111 oportuerat.
998 1033 1113 1093 Paucis
1140 1040 1213 1111 post
1247 1033 1309 1092 die

255 1142 322 1215 bus,
338 1141 412 1200 data
431 1159 448 1200 a
464 1141 508 1199 M.
523 1140 663 1199 Antonio
679 1139 806 1198 tribuno
820 1138 922 1216 plebis
933 1139 1087 1214 contione,
1102 1157 1173 1198 cum
1188 1139 1227 1198 de
1242 1139 1307 1199 suis

254 1248 346 1306 rebus
381 1245 478 1321 gestis
512 1263 597 1304 more
631 1250 804 1304 ceterorum
839 1243 1062 1321 imperatorum
1097 1243 1307 1317 disseruisset,

254 1349 467 1410 memorabilis
494 1351 561 1410 eius
590 1349 689 1409 oratio
717 1357 750 1407 et
777 1349 874 1424 digna
902 1349 1044 1408 Romano
1072 1349 1216 1426 principe
1234 1349 1305 1408 fuit

207 1472 235 1517 10
255 1457 474 1534 “Quamquam
496 1462 528 1514 et
556 1461 674 1532 quanta
701 1454 855 1513 felicitate
877 1472 943 1512 rem
970 1453 1129 1531 publicam
1160 1453 1308 1514 adminis

253 1562 412 1636 treverim,
428 1567 459 1621 et
484 1579 563 1638 quae
592 1560 654 1619 duo
676 1558 814 1618 fulmina
834 1559 960 1618 domum
981 1577 1081 1618 meam
1097 1577 1152 1636 per
1166 1557 1224 1619 hos
1239 1559 1306 1619 dies

253 1666 453 1746 perculerint,
471 1685 533 1724 non
557 1665 700 1740 ignorare
722 1683 787 1739 vos,
809 1664 956 1739 Quirites,
977 1664 1119 1739 arbitror,
1139 1682 1208 1723 erun
1224 1682 1308 1742 spec·

252 1772 358 1832 taculo
381 1771 468 1831 vobis
490 1789 573 1829 nuuc
592 1769 773 1846 triumphus
791 1787 888 1856 meus,
904 1787 987 1829 nuuc
1006 1769 1119 1828 funera
1137 1768 1306 1828 liberorum

252 1897 391 1936 meorum
419 1875 548 1950 fuerint,
578 1881 683 1935 tamen
718 1874 825 1953 paucis
854 1893 970 1951 quaeso
1005 1873 1117 1934 sinatis
1151 1893 1201 1934 me
1236 1892 1306 1933 cum

205 1983 379 2060 republica
400 1980 555 2040 felicitate
579 1998 757 2056 comparare
780 1997 816 2038 eo
838 1997 900 2056 quo
919 1979 1015 2038 debeo
1030 1978 1136 2038 animo
1149 1978 1306 2055 privatam

251 2107 352 2147 meam
373 2087 542 2146 fortunam.
585 2085 751 2145 Profectus
774 2102 813 2142 ex
836 2083 932 2143 Italia
949 2083 1114 2144 classenra
1136 2083 1307 2143 Brundisio

252 2193 317 2253 sole
338 2197 407 2252 orto
429 2191 519 2266 solvi,
535 2209 617 2249 ncne
631 2189 694 2249 diei
715 2189 793 2249 hore
814 2208 883 2248 cum
907 2189 1051 2248 omnibus
1072 2188 1150 2248 meis
1172 2188 1306 2248 navibus

252 2299 419 2376 Corcyram
440 2295 540 2356 tenui.
584 2295 663 2354 Inde
685 2295 796 2371 quinto
815 2295 866 2354 die
882 2294 1015 2371 Delphis
1028 2292 1171 2371 Apollini
1186 2313 1243 2370 pro
1257 2313 1305 2352 me

251 2401 502 2478 exercitibusque
524 2406 556 2459 et
576 2399 730 2459 classibus
751 2399 865 2459 vestris
888 2399 1070 2459 sacrificavi.
1119 2398 1149 2456 A
1172 2397 1306 2476 Delphis

202 2519 232 2564 ac
251 2507 362 2586 quinto
383 2505 434 2566 die
450 2505 482 2563 in
498 2511 601 2565 castra
617 2505 763 2583 perveni;
785 2504 839 2564 ubi
859 2503 1001 2563 exercitu
1019 2508 1157 2580 accepte,
1175 2503 1306 2562 mutatis

251 2611 438 2689 quibusdem
466 2628 545 2688 quae
566 2629 681 2684 magna
702 2610 929 2687 impedimenta
947 2607 1097 2667 victoriae
1119 2613 1217 2682 erent,
1239 2627 1307 2685 pro

251 2736 375 2795 gressus
386 2717 459 2775 inde
474 2715 549 2792 quie
563 2714 820 2792 inexpugnabilia
833 2718 937 2773 castra
949 2712 1090 2772 hostium
1100 2718 1190 2771 erant
1204 2730 1306 2789 neque

250 2822 319 2898 cogi
340 2839 479 2899 pugnare
504 2825 627 2898 poterat
650 2838 716 2891 rex,
742 2819 826 2878 inter
850 2817 1007 2896 praesidia
1029 2817 1096 2878 eius
1121 2816 1238 2877 saltum
1266 2817 1308 2877 ad

251 2929 378 2987 Petram
407 2925 503 2997 evasi,
519 2931 551 2983 et
578 2925 619 2984 ad
648 2942 784 3002 pugnam
809 2941 881 2998 rege
900 2928 1007 2982 coacto
1030 2922 1096 2982 acie
1113 2921 1185 2998 vici,
1206 2923 1307 2990 Mace

201 3052 231 3096 25
251 3033 375 3092 doniam
386 3032 418 3090 in
429 3035 617 3108 potestatem
633 3029 742 3106 populi
763 3027 898 3087 Romani
912 3027 1028 3104 redegi,
1044 3033 1076 3087 et
1090 3028 1175 3105 quod
1189 3027 1307 3087 bellum

251 3156 307 3215 per
327 3134 570 3214 quadriennium
590 3139 740 3212 quattuor
755 3139 828 3193 ante
850 3151 899 3192 me
914 3132 1057 3193 consules
1072 3133 1119 3192 ita
1133 3138 1306 3208 gesserunt,

251 3249 286 3303 ut
311 3259 434 3319 semper
457 3240 627 3301 successori
650 3239 811 3299 traderent
834 3239 970 3314 gravius,
992 3238 1025 3297 id
1047 3256 1104 3313 ego
1125 3237 1307 3315 quindecim

251 3348 361 3407 diebus
380 3345 508 3425 perfeci.
565 3344 708 3404 Aliarum
731 3344 844 3404 deinde
867 3343 1072 3404 secundarum
1094 3361 1195 3402 rerum
1219 3342 1306 3402 velut

250 3458 422 3532 proventus
450 3455 592 3511 secutus:
629 3449 774 3509 civitates
803 3467 909 3508 omnes
939 3448 1141 3508 Macedoniae
1167 3465 1200 3508 se
1223 3446 1307 3507 dedi-

201 3579 231 3624 31
251 3560 364 3618 derunt
373 3581 381 3632 ;
397 3575 472 3632 gaza
485 3555 572 3631 regie
585 3555 619 3613 in
635 3559 822 3632 potestatem
835 3553 937 3628 venit3
954 3571 1009 3612 rex
1024 3553 1092 3631 ipse
1107 3551 1306 3612 tradentibus

250 3681 346 3742 prope
361 3661 442 3740 ipsis
456 3661 518 3720 diis
533 3661 567 3719 in
580 3658 701 3737 templo
716 3657 950 3746 Samothracum
967 3676 1037 3716 cum
1052 3656 1160 3717 liberis
1176 3664 1224 3718 est
1238 3675 1306 3736 cap

249 3776 312 3830 tue.
354 3768 437 3828 Mihi
452 3784 576 3844 quoque
591 3764 654 3844 ipsi
667 3763 768 3824 nimie
781 3763 844 3822 iem
859 3763 988 3822 fortuna
999 3780 1067 3822 mea
1082 3762 1192 3837 videri,
1208 3781 1306 3840 eoque
