3038 4278
482 341 611 398 nrvr’s
636 341 785 398 sonan
810 338 991 396 nrsronu
1218 324 1262 394 53

208 512 395 572 maturanda
427 512 527 588 magis
555 512 702 590 quoniam
735 530 791 572 rex
818 529 1014 590 quacumque
1042 511 1080 570 de
1108 528 1202 570 causa
1230 510 1264 570 in

208 617 333 697 Syriam
353 617 567 693 concessisset,
582 619 620 678 de
634 623 771 696 tyranno
792 615 983 676 consultatio
996 615 1065 675 visa
1083 621 1139 675 est.
1183 615 1261 676 Cum

208 723 263 782 diu
277 723 488 801 disceptatum
505 728 597 798 essct,
613 728 719 782 utrum
739 722 816 783 satis
831 722 893 782 iam
909 739 1020 781 causac
1035 721 1196 780 videretur
1209 739 1264 780 cur

207 828 427 889 decerneretur
442 827 569 903 bellum,
584 847 626 888 an
646 827 865 906 permitterent
886 828 921 887 Τ.
943 825 1099 900 Quinctio,
1118 826 1203 904 quod
1224 827 1263 886 ad
1363 806 1367 816 ¹

206 933 324 994 Nabim
346 932 625 993 Lacedaemonium
647 932 805 1007 attineret,
819 932 938 992 faceret
959 932 1044 1009 quod
1060 931 1264 1009 erepublica
1283 947 1298 991 s

206 1044 349 1100 censeret
362 1055 440 1113 esse,
455 1037 676 1115 permiserunt,
687 1055 756 1097 earn
771 1055 837 1096 rem
852 1055 919 1096 esse
934 1036 996 1095 rati
1011 1055 1091 1114 quae
1106 1042 1265 1096 maturata

207 1143 345 1205 dilatave
367 1161 430 1202 non
451 1142 498 1202 ita
514 1143 620 1218 magni
637 1141 788 1202 momenti
802 1142 843 1202 ad
857 1159 1010 1201 summam
1024 1160 1090 1201 rem
1106 1141 1263 1218 publicam

206 1231 307 1326 esset3
330 1248 432 1326 magis
454 1247 488 1309 id
510 1247 825 1308 animadvertendum
847 1265 925 1322 esse,
948 1247 1026 1324 quid
1048 1246 1208 1306 Hannibal
1232 1252 1264 1306 et

207 1353 494 1429 Carthaginienses,
524 1352 552 1412 si
587 1371 656 1411 cum
691 1351 850 1411 Antiocho
877 1350 993 1411 bellum
1023 1356 1143 1412 motum
1171 1352 1262 1427 foret,

207 1459 309 1519 acturi
323 1464 436 1519 essent.
1284 1469 1313 1515 10

247 1563 409 1624 Adversas
434 1561 611 1622 Hannibali
642 1561 791 1622 factionis
814 1561 956 1622 homines
980 1561 1176 1639 principibus
1205 1561 1265 1620 Ro

207 1669 319 1743 manis,
340 1667 520 1745 hospitibus
542 1667 675 1745 quisque
697 1666 772 1741 suis,
793 1665 966 1726 identidem
989 1666 1168 1726 scribebant
1188 1685 1265 1725 nun-

206 1772 269 1833 tios
291 1772 478 1849 litterasque
500 1772 539 1832 ab
560 1770 741 1832 Hannibale
763 1771 803 1830 ad
824 1770 1017 1830 Antiochum
1039 1771 1161 1846 missas,
1176 1776 1208 1831 et
1224 1771 1264 1830 ab

207 1895 280 1954 rege
296 1878 423 1938 adeum
438 1877 520 1937 clam
540 1877 661 1953 legatos
679 1876 819 1951 venisse3
842 1881 879 1935 ut
899 1876 983 1936 feras
1003 1877 1155 1954 quasdam
1177 1875 1265 1936 nulla

207 1981 371 2043 mitescere
386 1989 462 2057 arte,
475 1982 519 2042 sic
530 1981 674 2041 inmitem
687 1987 720 2040 et
734 1980 954 2058 inplacabilem
969 1981 1036 2040 eius
1047 1981 1109 2040 viri
1124 1981 1263 2041 animum
1284 1993 1312 2037 rs

207 2105 292 2164 esse;
315 2105 506 2148 marcescere
526 2087 583 2147 otii
606 2086 668 2147 situ
691 2087 779 2164 queri
802 2086 963 2146 civitatem
985 2092 1018 2145 et
1038 2086 1153 2146 inertia
1167 2086 1264 2164 sopiri
1361 2138 1369 2149 .

207 2211 265 2253 nec
286 2193 354 2253 sine
373 2211 528 2253 armorum
551 2192 655 2252 sonitu
677 2191 808 2251 excitari
829 2210 931 2268 posse.
981 2192 1069 2251 Haec
1090 2191 1265 2268 probabilia

208 2298 358 2358 memoria
371 2297 485 2376 prioris
500 2296 576 2356 belli
591 2315 757 2374 perunum
773 2296 862 2356 illum
879 2316 941 2356 non
956 2297 1056 2372 magis
1071 2296 1153 2372 gesti
1169 2315 1262 2374 quam

209 2403 286 2463 moti
307 2403 453 2463 faciebat.
500 2389 809 2462 Irritaveratetiam
836 2401 955 2461 recenti
983 2401 1068 2461 facto
1093 2400 1263 2462 multorum

208 2507 385 2586 potentium
399 2507 528 2567 animos.
572 2506 717 2566 Iudicurn
731 2507 807 2566 ordo
821 2506 1010 2582 Carthagine
1024 2525 1061 2594 ea
1074 2512 1264 2584 tempestate
1283 2526 1312 2571 ac

208 2612 437 2688 dominabatur,
452 2631 489 2672 cc
508 2612 643 2671 maxime
661 2609 745 2688 qnod
759 2611 854 2670 iidem
871 2611 1016 2689 perpetui
1030 2611 1149 2672 iudices
1165 2618 1262 2672 erant.

209 2718 283 2793 Res,
298 2718 385 2778 fama
398 2718 528 2794 vitaque
550 2716 691 2776 omniurn
712 2716 747 2775 in
767 2716 892 2776 illorum
911 2721 1067 2794 potestate
1084 2722 1160 2776 erat.
1203 2716 1264 2787 Qui

208 2842 306 2883 unum
320 2821 388 2882 eius
403 2821 523 2882 ordinis
545 2821 739 2897 offendisset,
755 2821 856 2882 omnis
878 2820 1026 2882 adversos
1046 2821 1190 2897 habebat,
1206 2841 1264 2882 nec

208 2932 369 2988 accusator
393 2929 477 3004 apud
502 2927 643 2987 infensos
671 2927 791 2987 iudices
817 2927 932 2986 deerat.
986 2927 1109 2985 Horum
1137 2927 1172 2986 in
1197 2932 1263 2988 tam

208 3031 366 3110 inpotenti
380 3050 527 3108 regno-
537 3051 637 3110 neque
651 3031 734 3090 enim
746 3031 883 3090 civiliter
894 3031 1001 3091 nimiis
1012 3031 1123 3110 opibus
1137 3033 1265 3092 uteban-
1282 3049 1311 3095 25

208 3142 444 3216 tur-praetor
470 3137 576 3198 factus
612 3137 775 3197 Hannibal
803 3136 908 3197 vocari
936 3138 976 3197 ad
1005 3155 1037 3197 se
1066 3143 1261 3214 quaestorem

208 3242 311 3303 iussit.
354 3242 506 3313 Quaestor
533 3241 567 3302 id
595 3261 651 3320 pro
678 3242 780 3302 nihilo
804 3241 932 3318 habuit3
963 3261 1035 3302 nam
1061 3247 1093 3302 et
1116 3242 1264 3302 adversae

208 3347 358 3408 factionis
372 3353 440 3407 erat
454 3353 495 3423 et,
505 3347 580 3424 quia
589 3366 628 3408 ex
642 3354 812 3426 quaestura
822 3347 857 3407 in
867 3347 996 3422 iudices,
1008 3347 1263 3425 potentissimum

209 3451 360 3527 ordinem,
383 3451 586 3528 referebatur,
608 3453 672 3512 iam
696 3453 891 3531 profuturis
913 3473 985 3512 mox
1007 3452 1119 3531 opibus
1142 3452 1264 3512 animos

210 3557 344 3632 gerebat.
386 3558 556 3618 Enimvero
577 3559 742 3634 indignum
764 3558 796 3619 id
818 3565 905 3620 ratus
926 3557 1090 3618 Hannibal
1112 3557 1313 3618 viatorem-ac

210 3662 486 3740 adprendendum
515 3669 711 3741 quaestorem
740 3663 827 3724 misit
856 3664 1106 3742 subductumque
1134 3662 1167 3722 in
1196 3682 1265 3723 con-

209 3767 328 3826 tionem
355 3785 418 3827 non
445 3767 549 3846 ipsum
584 3769 685 3845 magis
721 3789 815 3848 quam
843 3769 985 3830 ordinem
1013 3769 1161 3843 iudicum,
1190 3787 1264 3846 prae
