3038 4278
528 312 734 368 SALLUST'S
759 313 955 370 CATILINE
1226 307 1266 372 81

214 489 348 559 eentum,
372 483 472 545 libero
496 483 717 562 impunitatem
743 485 810 546 eius
834 485 879 545 rei
904 491 936 546 et
959 488 1104 548 sestertia
1125 488 1269 563 ducenta,

214 588 352 666 itemque
376 590 538 648 deerevere
562 591 609 650 uti
632 590 837 666 gladiatoriae
856 591 998 652 familiae
1020 593 1158 670 Capuam
1182 599 1214 654 et
1236 594 1269 653 in

213 699 317 754 oetera
330 694 502 772 municipia
513 695 777 756 distribuerentur
789 715 845 774 pro
856 697 1007 775 cuiusque
1018 698 1139 775 opibus,
1151 700 1270 759 Romae

214 817 269 877 per
285 805 383 860 totam
402 800 509 859 urbem
531 800 658 876 vigiliae
677 801 868 862 haberentur
887 801 994 879 eisque
1010 801 1144 862 minores
1160 803 1271 881 magis

214 909 316 964 tratus
331 909 520 982 praeessent.
1154 932 1156 936 ¹
1290 926 1304 971 ις

254 1009 373 1080 Quibus
388 1010 479 1070 rebus
494 1016 636 1088 permota
650 1011 762 1072 eivitas
777 1017 873 1090 atque
888 1012 1056 1074 immutata
1069 1013 1156 1074 urbis
1172 1013 1270 1073 facies

214 1119 288 1174 erat.
332 1115 380 1173 Ex
392 1135 513 1175 summa
527 1116 650 1176 laetitia
660 1122 755 1194 atque
770 1116 910 1192 lascivia,
923 1105 1002 1194 qu'ae
1016 1118 1167 1178 diuturna
1180 1119 1270 1197 quies

213 1225 386 1296 pepererat,
394 1225 521 1298 repente
528 1221 629 1281 omnis
638 1220 914 1299 tristitiainvasit3
930 1223 1090 1297 festinare,
1101 1223 1269 1301 trepidare,

212 1342 315 1402 neque
326 1324 394 1384 loeo
404 1343 505 1402 neque
515 1325 635 1385 homini
648 1326 793 1403 cuiquam
805 1328 882 1388 satis
891 1328 1024 1403 credere,
1037 1347 1138 1404 neque
1152 1328 1267 1389 bellum

213 1447 329 1506 gerere,
355 1448 456 1506 neque
481 1449 589 1508 paoem
617 1431 740 1506 habere,
770 1451 826 1491 suo
854 1432 998 1510 quisque,
1017 1440 1103 1492 metu
1130 1433 1320 1511 periculam

213 1533 327 1594 metiri.
372 1534 422 1594 Ad
442 1534 500 1594 hoe
520 1535 676 1611 mulieres,
692 1536 807 1614 quibus
826 1537 873 1596 rei
889 1537 1033 1614 publioae
1052 1538 1270 1614 magnitudine

212 1639 290 1699 belli
311 1639 406 1699 timor
427 1639 574 1700 insolitus
596 1641 775 1717 ineesserat‚
796 1641 946 1702 afflictare
968 1661 1044 1718 sese,
1069 1662 1179 1704 manus
1202 1663 1271 1722 sup

214 1744 313 1823 plioes
333 1745 373 1804 ad
391 1745 510 1805 eaelum
532 1746 669 1820 tendere,
690 1746 832 1806 miserari
849 1766 962 1824 parvos
982 1747 1106 1823 liberos,
1126 1749 1270 1824 rogitare,

213 1849 320 1910 onmia
330 1869 453 1929 pavere,
466 1850 612 1928 superbia
626 1819 857 1976 atqueQioiis
872 1831 1074 1984 omissffiqsibi
1088 1853 1270 1932 patriaeque

214 1955 363 2015 diffidere.
1291 1978 1319 2023 15

255 2063 300 2120 At
317 2061 473 2121 Catilinae
488 2060 625 2121 erudelis
640 2061 765 2122 animus
780 2062 889 2122 eadem
904 2063 961 2122 illa
974 2063 1128 2138 movebat,
1143 2063 1270 2124 tametsi

213 2165 371 2243 praesidia
379 2166 570 2244 parabantur
582 2171 614 2225 et
626 2166 693 2244 ipse
701 2166 776 2241 'lege
791 2166 921 2228 Plautia
931 2168 1142 2244 interrogatus
1153 2175 1220 2228 erat
1231 2169 1271 2228 ab

214 2272 248 2329 L.
265 2269 373 2332 Paulo.
415 2272 579 2330 Postremo
594 2269 814 2332 dissimulandi
826 2291 920 2332 eausa
931 2280 986 2333 aut
1002 2273 1050 2332 sui
1065 2274 1269 2351 expurgandi,

214 2375 296 2436 siout
320 2375 422 2452 iurgio
446 2375 612 2436 lacessitus
638 2376 730 2452 foret,
754 2376 787 2435 in
812 2383 955 2438 senatum
980 2378 1075 2437 venit.
1119 2379 1198 2437 Tum
1225 2381 1270 2438 M.

213 2480 337 2540 Tullius
360 2480 477 2552 oonsul,
497 2481 562 2540 sive
582 2481 792 2559 praesentiam
815 2483 881 2542 eius
902 2482 1018 2542 timens
1038 2482 1106 2543 sive
1125 2483 1173 2542 ira
1191 2502 1270 2543 eom·
1289 2497 1318 2542 20

213 2586 503 2661 motus,orationem
513 2586 625 2646 habuit
634 2585 826 2646 luculentam
837 2592 932 2664 atque
941 2587 1051 2647 utilem
1062 2587 1107 2646 rei
1117 2587 1270 2665 publicae,

213 2709 307 2768 quam
322 2696 432 2769 postea
446 2691 595 2768 scriptam
610 2691 719 2751 edidit
762 2692 824 2752 Sed
842 2692 894 2752 ubi
910 2692 965 2752 ille
979 2693 1106 2767 assedit,
1122 2692 1268 2769 Catilina,
1359 2683 1361 2690 ¹

213 2802 249 2856 ut
263 2801 332 2856 erat
349 2801 477 2873 paratus
494 2796 535 2856 ad
553 2795 782 2857 dissimulanda
801 2797 915 2872 omnia,
931 2798 1067 2858 demisso
1081 2798 1179 2873 voltu,
1195 2817 1269 2859 vooe

214 2901 350 2979 supplici
369 2876 527 2979 postulare
547 2920 566 2961 a
585 2901 730 2979 patribus
749 2886 860 2980 eoepit,
880 2921 919 2961 ne
941 2903 1018 2980 quid
1038 2903 1077 2962 de
1099 2922 1131 2963 se
1152 2910 1269 2964 temere

212 3007 392 3082 crederent3
418 3025 455 3066 ea
475 3005 599 3066 familia
620 3012 732 3082 ortum,
755 3007 801 3066 ita
822 3025 854 3068 se
876 3008 915 3067 ab
936 3006 1150 3097 adulescentia
1170 3009 1267 3069 vitam
1288 3025 1317 3070 25

213 3111 453 3186 instituissent
469 3111 575 3170 omnia
591 3111 721 3171 bonain
740 3131 794 3190 spe
814 3111 960 3189 haberet;
982 3132 1022 3172 ne
1041 3101 1283 3188 existumarent>-

213 3186 433 3294 ffidpatdoio
454 3190 584 3291 homini,
603 3215 692 3276 ouius
714 3216 814 3295 ipsius
836 3223 930 3294 atque
950 3218 1103 3278 maiorum
1124 3218 1270 3296 pluruma

212 3320 360 3381 benificia
370 3321 403 3380 in
415 3321 537 3399 plebem
552 3322 725 3381 Romanam
740 3328 854 3397 essent,
865 3322 990 3404 perdita
1004 3341 1036 3382 re
1051 3319 1280 3401 publieaupus'

214 3445 290 3522 eqse,
313 3446 384 3487 oum
408 3447 475 3487 eam
498 3433 637 3486 servaret
661 3428 704 3486 M.
726 3427 860 3502 Tullius,
883 3428 1057 3505 inquilinus
1082 3429 1160 3488 oivis
1182 3430 1268 3489 urbis

213 3532 340 3593 Romae.
384 3533 435 3593 Ad
457 3533 517 3592 hoo
540 3531 621 3593 male
644 3532 729 3592 diota
751 3533 815 3593 alia
837 3552 907 3592 oum
930 3534 1069 3608 adderet,
1090 3535 1268 3612 obstrepere
1289 3555 1318 3600 ao

213 3657 330 3714 omnes,
354 3639 475 3699 hostem
506 3643 600 3716 atque
626 3638 813 3716 parricidam
842 3657 959 3699 vocare.
1003 3640 1082 3699 Tum
1112 3640 1166 3699 ille
1195 3641 1269 3700 furi·

212 3744 346 3820 bundus,
368 3744 541 3821 “quoniam
563 3743 691 3824 quidem
711 3743 972 3820 circumventus,'’
993 3744 1105 3822 inquit,
1125 3746 1191 3805 “ab
1212 3745 1269 3805 ini·
