3058 4284
518 319 724 377 enecuere
748 319 943 376 cerinum
1214 306 1258 374 89

203 493 276 555 ficia
287 499 355 554 tum
377 511 563 572 persequare
578 492 632 552 ubi
647 492 732 552 iacta
753 497 843 567 sunt,
866 491 924 551 hoc
945 490 1008 552 nisi
1030 489 1204 570 provideris
1218 508 1258 550 ne

203 599 334 672 accidat,
360 598 415 659 ubi
440 598 553 673 evenit,
578 598 698 658 frustra
721 596 840 656 iudicia
866 595 1032 674 implores:
1062 602 1155 674 capta
1181 597 1258 655 urbe

203 704 285 764 nihil
310 703 347 764 fit
366 702 480 781 reliqui
504 703 607 763 victis.
651 702 721 778 Sed,
739 721 795 780 per
817 703 890 762 deos
908 701 1105 776 immortalis,
1125 719 1180 761 vos
1201 719 1258 776 ego

203 808 337 888 appello,
363 809 418 888 qui
443 827 565 887 semper
589 809 706 884 domos,
731 807 834 882 villas,
862 808 961 884 signa,
985 807 1109 867 tabulas
1134 813 1257 868 vostras

202 915 303 995 pluris
331 935 425 994 quam
450 935 513 976 rem
539 914 697 993 publicam
721 913 861 990 fecistis;
887 913 914 973 si
939 914 1011 988 ista,
1034 913 1291 990 cuiuscumquee

202 1022 289 1082 modi
300 1028 374 1082 sunt
385 1041 463 1099 quae
475 1020 708 1100 amplexamini,
721 1021 864 1096 retinere,
877 1020 905 1080 si
915 1019 1131 1097 voluptatibus
1143 1021 1257 1080 vostris

203 1107 302 1188 otium
317 1127 464 1204 praebere
478 1127 584 1202 voltis,
599 1125 854 1204 expergiscimini
875 1125 1045 1202 aliquando
1059 1131 1091 1185 et
1104 1124 1257 1202 capessite

203 1251 268 1291 rem
290 1233 457 1309 publicam.
501 1233 573 1290 Non
595 1231 700 1307 agitur
720 1230 759 1290 de
773 1229 980 1306 vectigalibus
1001 1248 1103 1307 neque
1124 1230 1161 1289 de
1183 1229 1258 1290 soci-

203 1356 292 1396 orum
305 1337 444 1412 iniuriis3
465 1335 595 1396 libertas
611 1340 642 1396 ct
656 1335 761 1396 anima
774 1341 883 1395 nostra
897 1334 930 1394 in
945 1335 1040 1396 dubio
1054 1341 1109 1396 eet.

303 1459 322 1496 a
443 1458 462 1495 a
584 1457 603 1494 s
724 1457 742 1495 s
864 1458 882 1495 s
1005 1457 1024 1494 a
1144 1456 1163 1493 a

244 1539 373 1610 “Quare
387 1557 444 1615 ego
458 1538 504 1597 ita
516 1555 645 1598 censeo:
667 1556 738 1598 cum
752 1537 875 1596 nefario
889 1536 1021 1596 consilio
1036 1536 1257 1598 sceleratorum
1277 1552 1306 1598 1o

203 1643 318 1704 civium
332 1662 381 1704 res
395 1643 521 1721 publica
534 1643 568 1701 in
583 1660 729 1702 maxuma
744 1640 882 1719 pericula
893 1642 1023 1717 venerit,
1035 1642 1125 1720 eique
1140 1640 1258 1701 indicio

204 1750 238 1808 Τ.
261 1748 406 1810 Volturci
427 1754 459 1808 ct
479 1747 654 1823 legatorum
675 1746 881 1822 Allobrogum
903 1746 1038 1806 convicti
1059 1746 1257 1824 confessique

204 1855 269 1915 siut
289 1854 424 1928 caedem,
440 1853 586 1913 incendia
606 1852 730 1930 aliaque
746 1871 779 1912 se
794 1852 888 1912 foeda
909 1858 1002 1930 atque
1023 1852 1164 1912 crudelia
1184 1852 1259 1912 faci-

204 1978 280 2019 nora
300 1959 334 2018 in
355 1958 433 2018 civis
454 1957 651 2035 patriamque
673 1957 842 2034 paravisse,
857 1956 895 2016 de
917 1957 1081 2031 confessis,
1103 1957 1198 2018 sicuti
1218 1957 1257 2016 de

203 2063 392 2125 manufestis
420 2081 522 2122 rerum
551 2061 743 2140 capitalium,
774 2080 857 2121 more
885 2062 1035 2122 maiorum
1068 2062 1256 2140 supplicium
1278 2078 1307 2123 le

203 2169 422 2231 sumundum.''

244 2276 416 2352 Postquam
430 2274 511 2335 Cato
523 2271 650 2348 assedit,
666 2272 844 2332 consulares
859 2291 966 2332 omnes
977 2272 1116 2349 itemque
1131 2278 1258 2332 senatus

203 2398 316 2456 magna
341 2398 414 2456 pars
439 2377 629 2439 sententiam
654 2378 722 2437 eius
751 2377 890 2451 laudant,
917 2377 1068 2438 virtutem
1096 2377 1194 2438 animi
1219 2378 1259 2437 ad

204 2485 324 2545 caelum
339 2485 456 2559 ferunt,
472 2483 527 2543 alii
548 2483 626 2543 alios
647 2483 845 2560 increpantes
868 2482 996 2542 timidos
1018 2489 1138 2542 vocant.
1182 2482 1259 2542 Cato

203 2590 306 2651 clarus
320 2595 415 2667 atque
430 2607 561 2665 magnus
575 2579 724 2662 hebetum
747 2587 848 2647 senati
863 2587 1023 2647 decretum
1036 2586 1083 2663 fit,
1096 2587 1190 2647 sicuti
1204 2586 1259 2647 ille
1277 2602 1307 2646 ao

199 2699 376 2758 ,censuerat

511 2879 662 2929 Eaecutiee
675 2879 708 2941 os
716 2879 759 2929 tte
771 2879 959 2940 conspiratoru
1042 2945 1045 2951 Ι

244 3013 426 3090 Postquam,
438 3016 474 3071 ut
487 3010 564 3085 dixi,
578 3016 705 3070 senatus
717 3011 750 3069 in
762 3009 890 3070 Catonis
902 3010 1089 3070 sententiam
1103 3010 1258 3087 discessit,

177 3101 183 3112 ⁸
204 3117 313 3178 consul
326 3123 488 3194 optumum
500 3116 588 3175 factu
599 3121 685 3175 ratus
695 3121 818 3174 noctem
828 3133 906 3192 quae
915 3115 1054 3175 instabat
1065 3120 1258 3195 antecapere,

204 3241 244 3282 nc
269 3222 348 3299 quid
371 3240 408 3281 eo
433 3220 536 3298 spatio
557 3228 733 3294 novaretur,
759 3219 940 3279 triumviros
965 3239 1045 3298 quae
1069 3219 1276 3299 supplicium·

205 3327 385 3406 postulabat
409 3344 520 3405 parare
539 3326 634 3386 iubet.
677 3327 751 3403 Ipse
772 3325 939 3403 praesidiis
961 3325 1124 3404 dispositis
1146 3327 1260 3387 Lentu·
1278 3345 1307 3390 ae

204 3434 272 3492 lum
299 3434 333 3492 in
357 3451 511 3493 carcerem
537 3433 682 3508 deducit;
707 3433 791 3492 idem
815 3433 853 3492 fit
876 3433 988 3494 ceteris
1012 3452 1068 3511 per
1091 3440 1258 3511 praetores.

205 3541 265 3600 Est
279 3539 313 3598 in
327 3557 449 3600 earcere
465 3538 553 3599 locus
574 3539 658 3617 quod
680 3538 860 3598 Tullianum
882 3537 1069 3616 appellatur,
1084 3538 1138 3598 ubi
1151 3537 1261 3615 paulu-

206 3644 272 3704 lum
297 3644 475 3706 ascenderis
500 3644 540 3703 ad
565 3643 695 3717 laevam,
719 3642 843 3702 circiter
867 3643 1030 3703 duodecim
1055 3643 1150 3721 pedes
1171 3643 1260 3702 humi

207 3750 390 3827 depressus3
420 3769 490 3810 eum
517 3748 664 3808 muniunt
688 3747 827 3824 undique
852 3746 988 3825 parietes
1013 3754 1107 3826 atque
1133 3748 1261 3825 insuper
