3038 4278
267 303 311 372 36
589 315 714 371 LATIN
737 314 989 370 suuncumNs

306 487 385 548 Cum
416 491 500 547 terra
532 485 673 564 marique
698 485 814 546 instrui
838 485 1105 564 oppugnationem
1128 483 1259 561 videret,
1288 490 1321 546 et

265 591 333 669 ipse
362 591 468 670 copias
494 591 541 652 ita
559 590 716 668 disponit:
751 591 978 669 oppidanorum
1006 591 1068 651 duo
1095 590 1185 651 milia
1210 591 1252 651 ab
1282 609 1321 652 ea

266 703 353 775 parte
375 715 437 775 qua
457 703 562 758 castra
582 697 725 756 Romane
745 702 834 758 eraut
851 696 991 774 opponit,
1008 695 1191 774 quingentis
1212 695 1320 758 militi·

265 802 323 862 bus
347 821 447 862 arcem
477 801 598 874 insidit,
624 802 812 879 quingentos
841 801 964 861 tumulo
988 801 1075 861 urbis
1103 801 1135 860 in
1164 801 1318 862 orientem

230 930 245 974 t
263 925 354 969 verso
371 907 514 986 inponit3
538 906 773 970 multitudinem
790 905 894 982 aliam,
910 925 972 985 quo
988 906 1115 982 clamor,
1131 926 1193 984 quo
1212 907 1319 968 subita

265 1019 406 1073 vocasset
420 1031 478 1088 res,
494 1012 649 1072 intentam
664 1012 705 1072 ad
719 1011 824 1072 omnia
838 1029 997 1072 occurrere
1014 1012 1109 1072 iubet.
1152 1012 1318 1074 Patefeete

265 1118 378 1178 deinde
398 1123 489 1197 porta
507 1135 560 1178 eos
578 1135 656 1195 quos
675 1116 709 1176 in
727 1116 780 1177 via
797 1116 917 1176 ferente
938 1117 978 1176 od
997 1123 1100 1178 castre
1116 1117 1254 1182 hostium
1272 1117 1318 1176 in-

265 1229 423 1304 struxerat
436 1222 563 1284 emittit.
606 1221 741 1282 Romani
755 1222 834 1282 duce
845 1221 915 1299 ipso
925 1221 1138 1300 praecipiente
1148 1240 1317 1300 parumper

264 1347 383 1390 cessere
410 1333 446 1388 ut
473 1327 634 1406 propiores
659 1326 808 1388 subsidiis
833 1326 867 1386 in
890 1326 1058 1388 certamine
1083 1326 1152 1405 ipso
1177 1326 1318 1387 summit-

217 1451 246 1497 10
264 1433 369 1494 tendis
391 1439 504 1493 essent.
547 1434 590 1492 Et
608 1431 710 1511 primo
729 1431 814 1492 hand
835 1431 972 1509 impares
990 1437 1105 1492 stetere
1124 1431 1225 1507 acies3
1248 1432 1318 1492 snb

265 1539 347 1600 sidia
366 1537 481 1598 deinde
501 1537 674 1598 identidem
696 1536 864 1597 summissa
884 1555 901 1596 e
920 1535 1034 1596 castris
1053 1555 1117 1596 non
1133 1542 1317 1597 everterunt

265 1644 366 1705 solum
383 1644 417 1703 in
434 1644 542 1720 fugam
559 1643 670 1717 bostis,
686 1642 741 1703 sed
760 1642 838 1702 adeo
857 1641 966 1703 effusis
985 1641 1172 1703 institerunt
1189 1648 1235 1717 ut,
1252 1641 1318 1704 nisi

264 1748 403 1828 receptui
421 1747 596 1823 cecinisset,
612 1747 760 1825 permixti
775 1746 971 1822 fugientibus
989 1746 1150 1824 inrupturi
1163 1746 1266 1808 fuisse
1282 1747 1319 1806 in

264 1855 372 1914 urbem
392 1853 585 1912 viderentur.
627 1852 810 1930 Trepidatio
833 1870 906 1911 vero
929 1846 1049 1911 nonlin
1074 1851 1193 1929 proelio
1218 1851 1319 1912 maior

217 1974 246 2019 10
265 1978 358 2037 quam
379 1964 448 2019 tote
467 1957 543 2018 urbe
564 1957 636 2018 fuit.
679 1956 801 2016 Multae
822 1956 973 2018 stationes
995 1975 1109 2034 pavore
1129 1962 1223 2034 atque
1240 1958 1320 2034 fuga

265 2065 406 2124 desertae
428 2069 511 2138 sunt,
525 2061 690 2140 relictique
711 2063 802 2137 muri,
820 2081 892 2122 cum
911 2081 975 2140 qua
995 2060 1107 2138 cuique
1128 2067 1196 2122 eret
1216 2062 1321 2139 proxi-

265 2188 350 2228 mum
372 2167 583 2229 desiluissent.
625 2167 788 2238 Qnodubi
810 2185 954 2245 egressus
977 2165 1081 2244 Scipio
1102 2165 1137 2225 in
1160 2166 1319 2226 tumulum

266 2293 359 2353 quom
376 2273 516 2333 Mercuri
532 2278 646 2334 vocent
665 2272 890 2332 animadvertit
910 2271 1018 2331 multis
1038 2270 1181 2348 pertibus
1198 2271 1321 2332 nudata

266 2379 484 2440 defensoribus
509 2379 632 2438 moenie
656 2396 733 2453 esse,
758 2378 860 2438 omnis
885 2395 903 2437 e
927 2375 1039 2437 castris
1061 2376 1184 2437 excitos
1208 2376 1255 2437 ire
1278 2378 1320 2438 ed

217 2499 247 2545 20
266 2485 506 2564 oppugnandam
521 2483 630 2544 urbem
645 2489 677 2543 et
691 2484 774 2543 ferre
788 2482 888 2544 scalas
903 2482 999 2542 iubet.
1042 2482 1116 2559 Ipse
1130 2481 1228 2541 trium
1244 2501 1321 2559 prae

267 2609 300 2652 se
320 2590 469 2649 iuvenum
489 2589 665 2648 validorum
688 2587 786 2649 scutis
808 2585 1131 2666 oppositis-ingens
1153 2586 1318 2647 onimium

266 2695 315 2756 vis
330 2693 431 2756 omnis
446 2693 568 2769 generis
583 2693 717 2754 telorum
732 2712 749 2752 e
767 2692 865 2753 muris
880 2691 1007 2753 volabat
1017 2727 1057 2736 -
1068 2691 1108 2751 ad
1126 2691 1235 2752 urbem
1254 2711 1321 2752 suc·

266 2801 359 2876 cedit,
368 2800 522 2874 hortatur,
532 2798 667 2876 imperat
679 2798 803 2877 quaein
815 2817 880 2858 rem
893 2802 976 2872 sunt,
986 2797 1126 2875 quodque
1138 2796 1320 2878 plurumum

266 2907 306 2968 ed
335 2905 547 2966 accendendos
575 2903 713 2964 militum
742 2903 862 2964 animos
890 2902 1051 2977 intererat,
1080 2901 1172 2962 testis
1202 2907 1321 2980 specta·

217 3023 246 3067 25
267 3018 378 3088 torque
401 3010 531 3069 virtutis
555 3015 650 3086 atque
673 3009 818 3086 ignaviae
838 3007 989 3086 cuiusque
1010 3007 1108 3068 adest.
1152 3008 1265 3084 Itaque
1286 3006 1321 3066 in

266 3116 397 3176 vulnere
417 3134 453 3176 ac
474 3114 539 3174 tela
555 3121 660 3189 ruunt,
675 3132 775 3191 neque
793 3113 865 3173 illos
882 3113 964 3172 muri
982 3131 1083 3190 neque
1103 3117 1320 3190 superstantes

267 3222 380 3282 armati
389 3240 492 3281 arcere
502 3226 620 3298 queunt
630 3219 707 3298 quin
718 3218 861 3280 certatim
872 3217 1052 3278 ascendant.
1084 3218 1126 3278 Et
1136 3217 1176 3278 ab
1186 3215 1321 3278 navibus

267 3329 376 3389 eodem
391 3333 530 3404 tempore
545 3345 581 3387 ea
596 3345 675 3404 quae
689 3325 768 3385 mari
783 3324 923 3384 adluitur
943 3343 1017 3402 pars
1037 3322 1122 3384 urbis
1144 3322 1321 3401 oppugnari

267 3439 378 3512 coepta
389 3439 445 3494 est.
488 3433 633 3493 Ceterum
644 3430 800 3491 tumultus
813 3431 887 3490 inde
899 3429 997 3490 maior
1008 3447 1101 3506 quem
1112 3428 1162 3488 vis
1176 3427 1320 3488 adhiberi

219 3558 248 3604 30
267 3546 398 3619 poterat.
455 3540 538 3598 Dum
566 3537 737 3616 adplicant,
765 3537 840 3596 dum
871 3535 987 3613 raptim
1023 3541 1185 3612 exponunt
1221 3532 1322 3593 scalas

267 3645 456 3723 militesque,
472 3645 545 3704 dum
561 3663 625 3721 qua
638 3641 751 3719 cuique
765 3640 942 3719 proximum
954 3646 1003 3706 est
1017 3639 1051 3699 in
1062 3645 1176 3700 terram
1188 3639 1322 3698 evadere

268 3756 446 3829 properent,
461 3751 531 3828 ipsa
545 3747 750 3810 festinatione
761 3753 793 3807 et
803 3745 974 3808 certamine
986 3744 1042 3805 alii
1053 3744 1132 3806 alios
1144 3744 1321 3822 inpediunt.
