3038 4278
272 305 318 375 54
594 319 719 377 narni
744 319 994 376 sennemons

272 510 403 568 quorum
425 491 573 570 superbia
594 498 688 568 atque
710 490 821 569 opibus
844 509 900 551 nec
921 491 1006 567 leges
1028 490 1196 569 quicquam
1220 497 1326 552 essent

270 615 328 656 nec
349 596 561 672 magistratus,
583 597 750 657 accusavit.
793 597 836 657 Et
852 602 888 656 ut
909 596 1053 658 secundis
1075 596 1203 658 auribus
1224 597 1326 675 accipi

270 701 443 762 orationem
477 701 703 762 animadvertit
737 708 769 762 et
811 701 989 762 infimorum
1026 720 1149 780 quoque
1184 701 1325 763 libertati

271 825 397 882 gravem
411 825 480 866 esse
495 807 674 885 superbiam
688 825 805 881 eorum,
820 807 920 883 legem
939 807 1098 885 externplo
1112 807 1326 885 promulgavit

235 932 250 976 o
269 911 472 990 pertulitque,
484 918 520 972 ut
533 912 566 972 in
583 911 723 988 singulos
735 930 833 972 annos
848 912 967 973 iudices
983 911 1170 988 legerentur,
1182 932 1243 972 neu
1253 913 1324 991 quis

269 1017 430 1077 biennium
453 1017 637 1076 continuum
661 1017 757 1077 iudex
786 1023 876 1077 esset.
933 1016 1080 1078 Ceterum
1108 1023 1259 1094 quantam
1288 1036 1325 1078 eo

270 1122 355 1182 facto
367 1122 407 1182 ad
422 1123 544 1200 plebem
556 1122 671 1182 inierat
686 1123 829 1198 gratiam,
841 1127 966 1182 tantum
980 1139 1111 1198 magnae
1126 1122 1226 1200 partis
1241 1123 1326 1200 prin-

268 1227 372 1304 cipum
385 1227 558 1287 offenderat
570 1227 699 1287 animos.
744 1227 870 1287 Adiecit
879 1233 911 1286 ct
921 1227 1017 1302 aliud,
1029 1246 1092 1304 quo
1102 1227 1183 1288 bono
1197 1227 1325 1305 publico

269 1331 329 1392 sibi
341 1333 483 1411 proprias
494 1331 673 1392 simultates
685 1331 833 1392 irritavit.
876 1332 1054 1408 Vectigalia
1067 1331 1194 1410 publica
1207 1333 1323 1410 partim

221 1453 250 1499 10
268 1436 466 1513 neglegentia
482 1436 710 1512 dilabebantur,
726 1438 840 1514 partim
856 1437 990 1515 praedae
1007 1456 1043 1498 ac
1063 1437 1180 1497 divisui
1194 1443 1226 1496 et
1241 1438 1326 1515 prin-

269 1542 371 1619 cipum
388 1541 576 1619 quibusdam
593 1547 626 1602 ct
642 1541 880 1618 magistratibus
895 1547 994 1618 erant,
1006 1548 1038 1602 et
1052 1542 1185 1620 pecunia
1198 1543 1324 1620 quaein

268 1646 461 1725 stipendium
473 1646 624 1706 Romanis
639 1665 696 1706 suo
707 1664 830 1724 quoque
844 1665 926 1707 anno
940 1647 1129 1724 penderetur
1142 1648 1259 1723 deerat,
1271 1648 1325 1707 tri-

268 1752 439 1828 butumque
450 1769 544 1827 grave
556 1750 689 1828 privatis
701 1751 854 1812 inminere
866 1752 1040 1812 videbatur.
1063 1751 1226 1812 Hannibal
1241 1761 1325 1831 post

267 1876 361 1934 quam
377 1856 544 1932 vectigalia
562 1862 682 1932 quanta
696 1857 860 1917 terrestria
876 1856 1098 1934 maritimaque
1116 1863 1223 1918 essent
1236 1863 1269 1918 et
1290 1858 1324 1917 in

220 1980 248 2025 15
267 1981 345 2040 quas
363 1980 412 2022 res
431 1967 633 2037 erogarentur
650 1961 883 2036 animadvertit,
903 1966 935 2022 et
952 1962 1028 2039 quid
1044 1981 1152 2022 corum
1171 1962 1323 2023 ordinarii

267 2067 312 2126 rei
326 2066 470 2144 publicae
484 2084 560 2126 usus
571 2073 797 2142 consumerent,
811 2073 963 2144 quantum
978 2066 1143 2144 peculatus
1157 2073 1322 2144 averteret,

267 2171 411 2232 omnibus
425 2171 561 2233 residuis
578 2172 720 2250 pecuniis
741 2172 870 2247 exactis,
892 2172 1013 2231 tributo
1032 2171 1167 2249 privatis
1193 2173 1324 2234 remisso

267 2278 345 2338 satis
360 2276 548 2356 locupletem
564 2275 800 2355 rempublicam
815 2277 883 2337 fore
897 2278 938 2336 ad
949 2277 1083 2352 vectigal
1099 2278 1322 2355 praestandum

266 2383 417 2443 Romanis
431 2382 649 2460 pronuntiavit
663 2382 697 2440 in
711 2382 856 2443 contione
871 2389 903 2442 et
914 2381 1075 2459 praestitit
1089 2383 1287 2459 promissum.

218 2502 248 2547 ao
306 2489 385 2547 Tum
414 2506 488 2547 vero
515 2487 540 2546 ii
565 2506 642 2564 quos
665 2493 795 2565 paverat
823 2505 879 2565 per
905 2487 1027 2564 aliquot
1051 2505 1150 2548 annos
1177 2487 1322 2566 publicus

266 2592 437 2670 peculatus,
459 2591 547 2651 velut
568 2591 658 2652 bonis
680 2593 796 2670 creptis
816 2611 880 2651 non
904 2593 1062 2652 furtorum
1087 2593 1245 2653 manubiis
1272 2612 1323 2652 ex·

265 2697 357 2757 tortis
381 2696 499 2756 infensi
521 2701 553 2756 et
580 2697 654 2756 irati
683 2698 840 2758 Romanos
867 2697 901 2755 in
925 2696 1147 2774 Hannibalem,
1175 2703 1208 2758 et
1235 2697 1322 2776 ipsos

265 2820 391 2862 causam
412 2801 477 2861 odii
498 2801 688 2878 quaerentis,
710 2801 913 2878 instigabant.
969 2803 1022 2863 Ita
1042 2802 1098 2862 diu
1125 2809 1321 2880 repugnante

265 2908 300 2966 P.
317 2906 461 2985 Scipione
476 2905 637 2980 Africano,
649 2907 704 2985 qui
719 2925 828 2985 parum
844 2925 882 2967 ex
895 2907 1050 2984 dignitate
1061 2907 1171 2986 populi
1185 2909 1321 2969 Romani

217 3031 246 3075 ao
265 3031 333 3073 esse
354 3010 487 3072 ducebat
509 3012 703 3071 subscribere
724 3012 806 3073 odiis
828 3017 1044 3072 accusatorum
1073 3012 1266 3074 Hannibalis
1288 3020 1321 3074 et

265 3116 456 3178 factionibus
468 3116 775 3193 Carthaginiensium
783 3117 918 3178 inserere
930 3116 1087 3195 publicam
1100 3119 1319 3179 auctoritatem

265 3240 322 3282 nec
343 3222 421 3282 satis
442 3221 556 3282 habere
578 3223 660 3282 bello
682 3223 794 3284 vicisse
823 3222 1047 3298 Hannibalem,
1069 3223 1132 3282 nisi
1162 3223 1250 3284 velut
1274 3243 1321 3285 ac-

264 3333 422 3387 cusatores
444 3327 632 3412 calumniam
654 3327 687 3387 in
709 3345 780 3387 eum
802 3328 943 3387 iurarent
964 3346 1000 3388 ac
1020 3347 1134 3388 nomen
1149 3329 1318 3406 deferrent,

265 3432 390 3492 tandem
414 3433 622 3510 pervicerunt,
637 3440 673 3494 nt
690 3433 787 3510 legati
807 3433 1030 3511 Carthaginem
1047 3433 1250 3495 mitterentur
1263 3435 1320 3515 qui
1437 3423 1441 3432 ’

217 3551 247 3598 30
265 3538 306 3598 ad
329 3543 473 3599 senatum
496 3557 601 3600 eorum
631 3544 798 3615 arguerent
826 3539 1039 3600 Hannibalem
1062 3559 1133 3600 curn
1160 3540 1319 3602 Antiocho

265 3662 336 3718 rege
356 3643 490 3705 consilia
512 3643 588 3704 belli
612 3644 749 3704 faciendi
775 3644 864 3705 inire.
907 3645 1019 3722 Legati
1043 3652 1107 3706 tres
1136 3646 1235 3722 missi,
1261 3647 1317 3708 Cn.

266 3747 428 3825 Servilius,
456 3750 500 3809 M.
529 3748 680 3811 Claudius
715 3749 894 3826 Marcellus,
929 3750 965 3821 Q.
998 3751 1163 3812 Terentius
1199 3751 1317 3814 Culleo.
