3038 4278
268 299 315 368 40
590 313 716 372 muns
740 315 990 373 snuncrrous

268 483 406 546 Galliam
420 489 659 562 transgressum,
671 491 851 576 erectosque
860 487 1000 548 adventu
1011 487 1161 568 eiusquia
1173 509 1322 567 magnum

268 590 391 667 pondus
411 589 479 648 auri
499 589 644 650 attulisse
665 589 821 650 diceretur
845 592 886 652 ad
907 594 1049 653 mercede
1069 594 1190 654 auxilia
1210 596 1323 655 condu-

239 687 245 700 ’
269 697 367 755 conda
390 695 553 756 Gallorum
576 695 705 761 animos.
748 695 841 756 Missi
865 697 978 757 deinde
1001 717 1072 758 cum
1097 699 1138 760 iis
1162 699 1258 778 legati
1282 701 1322 762 ab

269 803 370 862 Roma
393 801 463 860 Sex.
485 799 643 861 Antistius
666 806 699 861 et
720 803 763 860 M.
785 801 920 862 Raecius
943 803 1069 864 adrem
1090 803 1319 883 inspiciendam

233 923 248 968 5
268 907 456 967 rettulerant
473 905 598 966 misisse
616 924 649 966 se
666 925 737 966 curn
757 907 1010 970 Massiliensibus
1031 909 1172 985 ducibus,
1191 910 1246 988 qui
1265 931 1322 988 per

268 1012 409 1090 hospites
429 1030 545 1086 eorum,
561 1012 719 1090 principes
737 1011 910 1088 Gallorum,
925 1013 1030 1074 omnia
1047 1014 1211 1092 explorata
1229 1016 1323 1076 refer-

268 1125 355 1193 rent,
378 1137 434 1196 pro
448 1123 605 1194 comperto
619 1117 734 1177 habere
751 1117 984 1179 Hasdrubalem
999 1118 1121 1196 ingenti
1136 1119 1199 1180 iam
1213 1127 1322 1182 coacto

267 1222 407 1282 exercitu
431 1221 574 1299 proximo
601 1240 674 1281 rere
702 1221 801 1300 Alpes
828 1223 1042 1299 traiecturum,
1071 1243 1128 1284 nec
1155 1230 1224 1284 tum
1248 1243 1320 1285 eum

267 1328 435 1407 quicquam
464 1327 552 1388 aliud
579 1327 703 1402 morari,
732 1327 794 1388 nisi
823 1328 907 1405 quod
935 1328 1060 1390 clausae
1088 1329 1191 1390 hieme
1219 1329 1320 1409 Alpes

190 1488 193 1496 .
220 1446 249 1491 ιο
267 1438 382 1494 essent.

307 1537 513 1599 Consulatum
534 1538 607 1598 inde
627 1537 737 1598 ineunt
754 1537 789 1600 O.
812 1537 964 1599 Claudius
983 1539 1070 1599 Nero
1091 1545 1123 1601 et
1144 1541 1189 1600 M.
1209 1540 1320 1602 Livius

267 1641 389 1702 iterum.
432 1642 493 1713 Qui
516 1642 591 1720 quia
615 1643 675 1704 iam
702 1642 859 1720 designati
887 1643 1064 1721 provincias
1090 1643 1195 1705 sortiti
1219 1651 1319 1721 erant,

265 1753 426 1825 praetores
448 1746 555 1808 sortiri
576 1746 744 1808 iusserunt.
787 1749 822 1809 Ο.
844 1747 985 1809 Hostilio
1006 1749 1183 1810 iurisdictio
1201 1751 1321 1812 urbana

266 1849 386 1929 evenit3
409 1853 518 1913 addita
532 1859 567 1912 et
578 1853 751 1930 peregrina,
766 1858 802 1912 ut
820 1858 885 1914 tres
903 1852 936 1912 in
954 1853 1133 1931 provincias
1153 1855 1238 1916 exire
1253 1875 1321 1933 pos-

218 1975 247 2021 1s
266 1963 353 2034 sent3
376 1958 414 2017 A.
436 1957 578 2019 Hostilio
600 1957 755 2033 Sardinia,
779 1958 813 2019 C.
838 1957 983 2018 Mamilio
1006 1959 1125 2035 Sicilia,
1149 1961 1185 2019 L.
1206 1961 1320 2021 Porcio

266 2057 373 2124 Gallia
396 2063 509 2124 evenit.
554 2065 682 2124 Summa
706 2063 863 2138 legionum
889 2063 986 2123 trium
1008 2070 1040 2124 et
1061 2063 1175 2140 viginti
1197 2064 1242 2124 ita
1263 2085 1320 2143 per

265 2169 442 2246 provincias
458 2169 578 2230 divisa:
600 2168 692 2230 binae
704 2169 866 2229 consulum
878 2174 990 2244 essent,
1003 2174 1152 2247 quattuor
1161 2170 1321 2249 Hispania

265 2273 402 2349 haberet,
417 2273 506 2335 binas
522 2280 586 2334 tres
600 2279 768 2352 praetores,
780 2274 814 2334 in
829 2274 937 2335 Sicilia
951 2280 983 2334 et
999 2275 1144 2335 Sardinia
1157 2281 1189 2335 et
1204 2275 1319 2351 Gallia,

265 2379 342 2438 diras
365 2379 398 2439 Ο.
421 2379 588 2439 Terentius
608 2379 642 2438 in
663 2379 800 2454 Etruria,
822 2380 901 2440 duas
922 2381 957 2451 Q.
980 2379 1119 2440 Fulvius
1132 2379 1166 2439 in
1186 2379 1317 2455 Brutiis,

216 2501 246 2546 20
264 2485 342 2544 duas
364 2485 398 2555 Q.
422 2485 573 2546 Claudius
595 2484 678 2545 circa
698 2486 869 2546 Tarentum
891 2490 923 2544 et
945 2485 1145 2560 Sallentinos,
1166 2504 1260 2545 unam
1282 2485 1316 2547 Ο.

265 2589 426 2650 Hostilius
451 2590 593 2650 Tubulus
613 2590 754 2668 Capuae,
778 2591 858 2650 duae
882 2591 1019 2651 urbanae
1039 2596 1075 2650 ut
1098 2590 1317 2654 scriberentur.

264 2695 381 2755 Primis
410 2701 559 2773 quattuor
590 2695 766 2772 legionibus
794 2695 928 2774 populus
957 2695 1099 2756 tribunos
1127 2695 1254 2770 creavit,
1281 2695 1318 2755 in

264 2806 384 2861 ceteras
398 2801 542 2861 consules
558 2801 720 2861 miserunt.

305 2906 456 2966 Consules
471 2905 604 2967 diversis
619 2905 785 2966 itineribus
799 2905 935 2984 profecti
950 2905 989 2966 ab
1003 2905 1080 2966 urbe
1095 2905 1185 2965 velut
1203 2904 1236 2964 in
1253 2905 1318 2966 duo

216 3023 245 3068 25
264 3011 382 3089 pariter
401 3010 484 3071 bella
502 3011 720 3071 distenderant
739 3029 828 3071 ouras
848 3011 1020 3086 hominum,
1040 3009 1134 3070 simul
1156 3010 1318 3070 recordan-

263 3116 344 3177 tium
366 3135 444 3195 quas
470 3115 590 3194 primus
618 3098 772 3176 adventus
797 3115 990 3176 Hannibalis
1015 3115 1178 3176 intulisset
1202 3113 1317 3175 Italiae

263 3222 377 3297 clades,
393 3220 487 3282 simul
507 3240 576 3280 cum
594 3220 650 3281 illa
669 3226 798 3298 angeret
814 3240 889 3282 eura
905 3226 1060 3299 questam
1076 3219 1230 3298 propitios
1244 3219 1317 3281 urbi

263 3334 358 3406 atque
380 3326 513 3404 imperio
535 3327 603 3386 iore
628 3327 701 3387 deos
721 3332 758 3386 ut
783 3327 890 3388 eodem
913 3332 1053 3404 tempore
1076 3310 1243 3402 utrobique
1265 3343 1315 3386 res

263 3433 389 3512 publica
405 3451 553 3510 prospere
575 3434 761 3509 gereretur?
788 3432 901 3492 Adhuc
924 3432 1055 3492 adversa
1077 3429 1222 3490 secundis
1244 3449 1317 3507 pen-

213 3553 243 3600 30
263 3540 443 3600 eandorem
465 3539 506 3598 ad
525 3538 559 3598 id
578 3544 701 3616 tempus
721 3543 893 3598 extractam
913 3556 998 3598 esse:
1021 3555 1091 3597 oum
1112 3535 1145 3596 in
1165 3535 1261 3596 ltalia
1274 3535 1316 3595 ad

262 3648 512 3708 Trasumennum
522 3650 554 3704 et
564 3644 687 3705 Cannas
698 3643 936 3721 praecipitasset
947 3644 1090 3703 Romana
1098 3659 1156 3717 res,
1166 3659 1316 3719 prospera

261 3752 345 3827 bella
361 3751 394 3811 in
415 3749 573 3828 Hispania
594 3749 770 3828 prolapsam
790 3767 858 3808 eam
877 3747 1029 3810 erexisse:
1053 3753 1170 3825 postea,
1190 3765 1261 3805 curn
1280 3747 1316 3806 in
