3038 4278
481 307 610 362 mvr’s
635 306 783 362 nomen
809 305 988 362 mercer
1216 295 1261 362 55

206 477 268 548 Qui
295 497 364 538 cum
402 477 625 554 Carthaginem
652 477 823 552 venissent,
845 496 884 536 ex
911 477 1042 538 oonsilio
1063 477 1260 539 inimicorum

206 582 399 642 Hannibalis
422 581 646 660 quaerentibus
668 601 792 642 cansam
822 583 976 642 adventus
999 582 1062 642 dici
1091 582 1260 659 iusserunt,

207 687 330 748 venisse
344 706 378 749 se
393 689 433 747 ad
447 687 686 762 controversias,
701 706 781 765 qnae
795 707 866 748 cum
881 687 1053 749 Masinissa
1067 707 1137 764 rege
1151 687 1262 748 Numi·

207 793 317 853 darum
339 792 651 870 Carthaginiensibus
673 797 787 867 essent,
803 792 1005 855 dirimendas.
1047 795 1087 853 ld
1108 793 1260 854 creditum

206 897 317 975 vulg03
339 917 435 957 unum
459 898 672 958 Hannibalem
693 917 726 958 se
748 898 814 976 peti
833 899 874 958 ab
887 899 1038 960 Romanis
1053 917 1115 958 non
1129 898 1261 959 fallebat
1279 913 1294 957 5

206 1003 305 1063 etita
326 1022 432 1081 paoem
456 1003 770 1080 Carthaginiensibus
791 1004 898 1064 datam
919 1023 997 1079 esse,
1012 1011 1048 1063 ut
1069 1003 1261 1080 inexpiabile

206 1106 324 1168 bellum
339 1108 491 1168 adversus
505 1127 539 1169 se
553 1128 651 1168 unum
669 1115 819 1168 maneret.
863 1108 976 1186 Itaque
998 1109 1107 1168 cedere
1126 1108 1261 1186 tempori

206 1219 238 1274 et
260 1213 406 1273 fortunae
429 1213 559 1306 statuit,
595 1219 628 1273 ct
649 1213 843 1292 praeparatis
866 1213 928 1273 iam
957 1219 1031 1274 ante
1054 1213 1197 1273 omnibus
1220 1214 1260 1273 ad

205 1318 324 1394 fugam,
347 1319 530 1379 obversatus
559 1337 595 1379 eo
622 1319 673 1378 die
702 1318 827 1378 infore
855 1319 1043 1378 evertendae
1072 1317 1260 1396 suspicionis

205 1441 307 1498 causa,
324 1423 434 1501 primis
448 1424 586 1484 tenebris
602 1423 719 1484 vestitu
733 1423 852 1483 forensi
864 1423 903 1482 ad
918 1429 1038 1501 portam
1055 1441 1125 1482 cum
1140 1422 1260 1482 duobus
1281 1435 1310 1480 10

204 1527 373 1588 comitibus
395 1528 514 1604 ignaris
536 1527 659 1589 consilii
681 1533 730 1588 est
750 1546 900 1603 egressus.
944 1528 1024 1589 Cum
1045 1526 1127 1604 equi,
1146 1545 1208 1604 quo
1227 1526 1260 1586 in

205 1632 274 1692 loco
294 1631 439 1706 iusserat,
454 1639 579 1710 praesto
599 1633 745 1708 fuissent,
767 1638 857 1692 nocte
872 1631 1145 1711 Byzacium-ita
1165 1630 1261 1706 regio
1327 1646 1329 1651 ·

205 1757 278 1798 nem
300 1738 457 1816 quandam
480 1738 547 1814 agri
570 1743 965 1813 vocant-transgressus,
987 1743 1113 1814 postero
1141 1736 1192 1796 die
1221 1737 1261 1796 ad

205 1862 290 1903 mare
305 1843 389 1902 inter
404 1842 549 1921 Acyllam
564 1847 597 1902 et
616 1842 777 1919 Thapsum
794 1842 836 1900 ad
857 1861 943 1902 suam
966 1847 1086 1902 turrem
1106 1841 1259 1920 pervenit.

206 1947 351 2008 ibicum
375 1953 486 2026 parata
513 1949 729 2023 instructaque
758 1946 889 2022 remigio
917 1945 1041 2024 excepit
1067 1946 1167 2007 navis.
1201 1935 1260 2006 'Ita
1280 1962 1308 2006 15

205 2053 317 2112 Africa
352 2053 514 2114 Hannibal
549 2052 694 2126 excessit,
727 2051 851 2129 saepius
885 2051 1006 2130 patriae
1041 2070 1134 2128 quam
1169 2071 1260 2112 suum

205 2163 351 2218 eventum
375 2158 550 2218 miseratus.
593 2159 709 2217 Eodem
733 2157 784 2216 die
806 2157 839 2215 in
861 2157 1024 2217 Cercinam
1045 2156 1180 2217 insulam
1201 2162 1261 2217 tra-

204 2263 288 2322 iecit.
332 2263 397 2324 Ubi
412 2281 483 2322 cunr
497 2263 532 2322 in
547 2269 639 2340 portu
654 2281 749 2322 neres
764 2262 886 2340 aliquot
898 2261 1091 2322 Phoenicum
1103 2261 1260 2321 onerarias

205 2386 274 2426 cum
290 2367 445 2427 mercibus
460 2367 633 2428 invenisset
647 2372 680 2426 et
694 2368 733 2427 ad
749 2357 908 2444 egressum
923 2385 994 2426 eum
1010 2385 1121 2426 enare
1138 2383 1261 2425 concur-

205 2491 258 2532 sus
273 2472 479 2532 salutantium
495 2479 576 2532 essct
587 2473 701 2547 factus,
713 2471 989 2550 percunctantibus
1003 2469 1143 2546 legatum
1158 2489 1191 2530 se
1202 2471 1262 2548 Ty·
1278 2483 1308 2528 ao

205 2596 274 2636 rum
290 2577 421 2637 missum
436 2577 495 2636 dici
512 2577 614 2636 iussit.
656 2576 784 2639 Veritus
796 2582 910 2651 tamen,
922 2595 961 2635 ne
976 2594 1040 2653 qua
1052 2594 1158 2634 earum
1170 2575 1260 2635 navis

205 2688 295 2742 nocte
316 2663 460 2759 profecta
478 2681 638 2759 Thapsum
653 2687 709 2741 aut
723 2682 955 2741 Hadrumetum
969 2680 1131 2740 nuntiaret
1145 2699 1178 2740 sc
1192 2680 1262 2740 Cer·

205 2786 292 2846 cinae
304 2787 418 2861 visum,
434 2786 587 2846 sacrificio
601 2787 746 2865 apparari
764 2787 849 2846 iusso
863 2784 1031 2862 magistros
1043 2785 1172 2844 navium
1186 2805 1261 2845 mer·

204 2897 387 2969 catoresquc
405 2891 538 2950 invitari
555 2891 651 2951 iussit
669 2896 701 2950 et
716 2889 786 2950 vela
803 2909 873 2950 cum
891 2889 1047 2949 antemnis
1068 2909 1107 2949 ex
1128 2889 1260 2950 navibus

204 2997 421 3072 conrogari,ut
431 2996 626 3056 umbraclum
636 2995 784 3056 —midia
795 3003 898 3056 aestas
909 2996 993 3056 forte
1008 2995 1262 3055 erat-cenanti·
1280 3009 1309 3052 as

204 3101 262 3163 bus
271 3102 306 3161 in
314 3101 406 3162 litore
418 3101 514 3161 ficret.
547 3103 668 3174 Quanto
680 3121 728 3162 res
740 3108 772 3162 et
782 3107 907 3179 tempus
919 3101 1097 3180 patiebatur
1108 3105 1261 3178 apparatu

204 3206 379 3268 celebratae
390 3208 457 3268 eius
469 3207 532 3266 diei
541 3208 651 3286 epulae
662 3215 753 3283 sunt3
769 3207 931 3284 multoque
942 3207 1016 3266 vino
1026 3206 1061 3265 in
1072 3225 1174 3266 serum
1190 3223 1260 3265 noc·

203 3313 247 3372 tis
257 3312 437 3372 convivium
449 3313 642 3391 productum.
660 3313 831 3388 Hannibal,
841 3312 1055 3390 cumprimum
1066 3310 1199 3370 fallendi
1209 3328 1261 3370 cos

203 3419 304 3497 quiin
318 3424 412 3496 portu
423 3428 512 3478 erant
522 3424 646 3497 tempus
658 3419 777 3493 habuit,
787 3437 898 3479 navem
915 3417 1018 3478 solvit.
1055 3416 1157 3477 Ceteri
1166 3415 1262 3493 sopiti

204 3541 275 3582 oum
297 3529 423 3601 postero
445 3525 496 3584 die
517 3524 644 3584 tandem
662 3543 701 3584 ex
720 3543 827 3584 somno
847 3523 933 3602 pleni
951 3522 1097 3601 crapulae
1112 3521 1261 3583 surrexis-
1280 3531 1309 3577 so

205 3634 284 3703 sent,
307 3630 401 3689 adid
427 3630 511 3707 quod
536 3649 640 3690 serum
670 3635 746 3704 erat,
768 3628 890 3707 aliquot
918 3629 1010 3690 horas
1032 3627 1205 3688 referendis
1228 3626 1260 3685 in

204 3752 301 3795 naves
318 3734 565 3811 collocandisque
583 3741 616 3795 et
632 3735 778 3813 aptandis
793 3735 994 3795 armamentis
1009 3734 1259 3810 absumpserunt.
