3038 4278
469 332 597 388 nivr’s
622 331 770 387 noMAN
796 331 975 386 Hieroni
1202 319 1246 386 35

190 503 330 564 incertae
350 502 532 564 altitudinis
556 508 726 580 utcumque
751 508 915 563 exaestuat
936 508 992 563 aut
1019 501 1126 562 deficit
1151 521 1244 564 mare.

190 607 375 670 Continenti
406 608 514 668 urbem
547 607 655 683 iugum
683 608 833 668 ducentos
862 608 928 668 fere
956 613 988 667 et
1016 607 1244 685 quinquaginta

190 733 302 792 passus
330 719 443 792 patens
471 712 642 788 coniungit.
699 713 794 773 Unde
825 731 897 772 eum
926 719 992 772 tam
1023 711 1114 790 parvi
1142 712 1245 790 operis

189 818 325 878 munitio
346 824 438 894 esset,
453 837 516 877 non
537 817 652 878 obiecit
672 817 792 878 vallum
813 817 983 896 imperator
1003 819 1174 892 Romanus,
1190 835 1246 878 seu
1322 827 1324 832 '

189 923 337 983 fiduciam
355 923 440 984 hosti
458 923 590 1001 superbe
610 928 781 998 ostentans,
797 923 865 984 sire
883 929 919 982 ut
936 923 1082 984 subeunti
1098 941 1189 1000 saepe
1204 923 1244 982 ad
1264 935 1278 978 0

189 1028 314 1089 moenia
327 1028 414 1089 urbis
428 1047 573 1088 recursus
588 1033 719 1106 pateret.
762 1029 875 1090 Cetera
885 1039 964 1107 quae
976 1027 1146 1088 munienda
1156 1033 1245 1088 erant

188 1139 261 1196 cuin
288 1133 483 1212 perfecisset,
508 1153 606 1194 naves
631 1134 727 1194 etiam
751 1134 785 1192 in
810 1140 911 1211 portu,
937 1133 1025 1194 velut
1052 1133 1243 1193 maritimam

189 1258 313 1317 quoque
334 1244 496 1299 ostentans
521 1238 725 1314 obsidionem,
747 1239 919 1315 instruxit3
954 1239 1244 1317 circumvectusque

189 1342 321 1403 classem
342 1362 414 1402 cum
435 1344 608 1404 monuisset
629 1345 804 1422 praefectos
826 1344 953 1404 navium
975 1349 1011 1402 ut
1029 1343 1158 1420 vigilias
1176 1362 1245 1403 11οο

188 1453 300 1508 turnas
329 1447 446 1508 intenti
478 1456 648 1524 servarent,
676 1449 782 1509 omnia
812 1449 928 1526 ubique
957 1448 1058 1526 primo
1083 1448 1243 1508 obsessum
1263 1461 1292 1506 10

189 1553 312 1613 hostem
333 1553 449 1628 conari,
471 1572 629 1628 regressus
651 1554 685 1613 in
704 1560 808 1614 castra
826 1559 862 1613 ut
878 1553 1005 1613 consilii
1025 1553 1075 1613 sui
1089 1553 1244 1614 rationem

189 1658 273 1734 quod
294 1658 335 1718 ab
355 1659 431 1718 urbe
453 1658 653 1736 potissimum
674 1659 886 1738 oppugnanda
906 1658 1025 1718 bellum
1049 1677 1139 1719 orsus
1160 1665 1243 1719 esset

189 1762 345 1823 militibus
365 1764 545 1823 ostenderet
563 1770 596 1823 et
615 1783 701 1841 spem
720 1764 892 1842 potiundae
910 1764 1101 1824 cohortando
1115 1747 1243 1840 faceret,

189 1868 334 1928 contione
345 1869 497 1928 advocata
506 1864 552 1928 ita
562 1869 726 1928 disseruit:
751 1875 768 1906 “
778 1869 830 1928 Ad
840 1869 950 1929 urbem
958 1887 1054 1928 unam
1065 1888 1244 1946 oppugnan-

190 1973 260 2032 dam
276 1973 303 2032 si
318 1973 390 2051 quis
404 1992 460 2032 vos
475 1973 625 2034 adductos
640 1973 750 2048 credit,
761 1974 789 2034 is
804 1974 904 2050 magis
918 1973 1022 2051 operis
1037 1973 1135 2034 vestri
1150 1992 1242 2051 quam
1264 1986 1292 2030 15

189 2077 393 2137 emolumenti
417 2077 570 2138 rationem
599 2083 751 2152 exactam,
776 2077 903 2152 milites,
932 2077 1036 2138 hebet.
1078 2078 1244 2156 Oppngna

189 2181 266 2242 bitis
287 2182 372 2241 enim
393 2201 467 2242 vere
490 2182 614 2242 moenia
634 2183 728 2242 unius
749 2181 846 2256 urbis,
868 2183 924 2242 sed
945 2182 979 2242 in
1000 2201 1063 2242 una
1083 2183 1160 2243 urbe
1177 2183 1245 2242 uni-

190 2305 313 2347 versam
343 2287 489 2364 ceperitis
515 2287 712 2366 Hispaniam.
756 2287 819 2346 Hic
848 2292 923 2347 sunt
950 2287 1075 2348 obsides
1104 2288 1243 2348 omnium

189 2391 344 2451 nobilium
371 2411 481 2470 regum
511 2393 777 2471 populorumque3
813 2392 869 2470 qui
897 2392 991 2452 simul
1023 2392 1056 2452 in
1087 2399 1243 2471 potestate

189 2502 297 2557 vestra
317 2503 418 2572 erunt,
433 2498 592 2577 extemplo
611 2498 716 2558 omnia
735 2517 815 2574 quae
831 2515 915 2558 nune
932 2498 990 2558 sub
1007 2497 1244 2575 Carthaginien·
1263 2511 1293 2555 eo

190 2602 277 2663 sibus
292 2608 366 2663 sunt
380 2603 414 2661 in
429 2603 582 2662 dicionem
598 2603 739 2678 tradent;
762 2603 814 2663 hie
828 2603 961 2680 pecunia
975 2603 1076 2663 omnis
1094 2603 1243 2678 hostium,

190 2707 259 2768 sine
280 2727 342 2784 qua
362 2726 463 2785 neque
484 2707 534 2767 illi
553 2727 658 2784 gerere
677 2707 796 2769 bellum
815 2715 947 2786 possunt
964 2708 1082 2786 quippe
1096 2709 1152 2786 qui
1168 2728 1245 2769 mer-

190 2813 352 2874 cennarios
373 2813 529 2873 exercitus
554 2813 649 2888 alant,
672 2819 704 2872 et
727 2831 808 2891 quae
832 2813 923 2874 nobis
949 2813 1086 2873 maximo
1110 2815 1182 2875 usui
1205 2816 1243 2876 ad

189 2917 402 2979 conciliandos
424 2919 545 2979 animos
567 2919 767 2978 barbarorum
790 2917 868 2994 erit;
890 2917 942 2978 hic
963 2925 1128 2994 tormenta,
1149 2938 1243 2996 arma,

189 3023 291 3084 omnis
306 3029 478 3101 apparatus
492 3023 569 3083 belli
583 3029 632 3084 est
646 3023 700 3101 qui
715 3023 809 3084 simul
825 3028 857 3083 et
870 3042 926 3083 vos
942 3023 1077 3084 instruet
1093 3030 1125 3084 et
1142 3025 1244 3086 hostis
1263 3037 1293 3082 25

189 3127 331 3188 nudabit.
372 3128 536 3188 Potiemur
556 3134 718 3205 praeterea
740 3147 812 3188 eum
837 3128 1049 3205 pulcherrima
1073 3130 1243 3208 opulentis-

189 3232 331 3310 simaque
344 3234 429 3308 urbe,
444 3239 513 3293 tum
528 3233 795 3311 opportunissima
808 3239 899 3311 portu
915 3234 1048 3310 egregio,
1063 3235 1146 3295 unde
1160 3242 1245 3297 terra

189 3338 331 3416 marique
346 3357 426 3416 quse
440 3338 517 3398 belli
532 3357 608 3398 usus
622 3344 757 3415 poscunt
776 3338 1026 3416 suppeditentur.
1071 3340 1156 3411 Quae
1173 3361 1243 3402 cum

189 3461 303 3520 magna
326 3443 389 3522 ipsi
413 3443 607 3519 habebimus,
628 3449 697 3502 turn
721 3443 949 3521 dempserimus
975 3443 1118 3506 hostibus
1143 3447 1245 3509 multo

189 3549 315 3609 maiora
359 3549 448 3609 Haec
469 3548 534 3609 illis
556 3567 621 3624 aru,
638 3549 697 3608 hoc
718 3549 874 3624 horreum,
892 3551 1055 3625 aerarium,
1076 3569 1245 3612 armamen-
1263 3569 1292 3613 30

188 3653 314 3730 tarium,
329 3654 388 3714 hoc
403 3655 543 3714 omnium
559 3673 661 3714 rernm
676 3654 907 3732 receptaculum
922 3662 987 3732 est;
1009 3656 1071 3717 huc
1084 3663 1188 3718 rectus
1206 3678 1244 3718 ex

189 3757 302 3820 Africa
329 3778 439 3820 cursus
467 3765 534 3837 est;
569 3759 645 3820 haee
669 3779 732 3819 nna
755 3759 837 3819 inter
861 3761 1058 3838 Pyrenaeum
1083 3770 1116 3822 et
1144 3765 1244 3825 Gadis

190 3865 302 3941 stati03
325 3864 400 3926 hinc
413 3865 499 3924 omni
514 3864 689 3942 Hispaniae
704 3863 849 3923 imminet
863 3864 1003 3925 Africa''
1026 3911 1032 3924 .
1056 3911 1062 3925 .
1087 3913 1093 3926 .
