3058 4284
516 341 722 401 suutusr‘s
746 342 942 399 curruum
1213 331 1256 400 85

202 534 268 575 sem
292 515 402 591 mittit,
429 521 465 575 ut
489 515 683 590 Allobroges,
699 515 786 593 prius
815 535 908 594 quam
931 516 1056 576 domum
1081 522 1255 593 pergerent,

201 640 272 680 cum
298 621 446 696 Catilina,
468 621 543 681 data
569 627 663 698 atque
691 626 820 699 accepta
844 620 916 697 fide,
942 623 1121 682 societatem
1149 621 1258 680 confir·
1349 603 1355 615 ⁵

202 732 332 786 merent.
375 727 449 804 Ipse
466 726 631 786 Volturcio
649 725 772 786 litteras
792 726 832 786 ad
853 726 1024 786 Catilinam
1043 727 1107 802 dat,
1122 745 1253 804 quarum

201 830 379 908 exemplum
394 831 646 909 infrascriptum
661 838 727 892 est:

243 937 332 1008 “Qui
347 937 416 1012 sim,
432 956 470 997 ex
489 955 525 996 eo
536 956 627 1014 quem
647 937 687 996 ad
705 942 736 996 te
754 936 827 997 misi
842 929 1017 1012 cognosces.
1061 939 1123 998 Fac
1139 938 1257 1014 cogites
1276 951 1290 996 o

202 1041 235 1100 in
258 1049 376 1120 quanta
397 1041 577 1102 calamitate
594 1042 648 1118 sis,
664 1047 695 1102 et
712 1042 891 1102 memineris
909 1047 942 1124 te
960 1041 1061 1102 virum
1080 1061 1166 1118 esse;
1188 1061 1258 1102 con·

202 1147 321 1208 sideros
344 1148 420 1225 quid
444 1152 517 1207 tuae
543 1146 681 1206 rationes
709 1146 887 1224 postulent3
919 1146 1071 1206 auxilium
1100 1151 1189 1225 petas
1219 1148 1258 1207 ab

202 1253 358 1327 omnibus,
372 1253 522 1312 etiam·ab
537 1251 684 1312 infimis.''
835 1249 837 1256 ⁴

242 1359 294 1417 Ad
309 1358 368 1416 hoo
384 1357 534 1418 mandata
548 1356 652 1416 verbis
666 1357 738 1416 det:
761 1376 831 1416 curn
847 1357 887 1417 ab
901 1363 1012 1416 senatu
1026 1357 1128 1418 hostis
1143 1357 1258 1417 iudica·

202 1469 253 1523 tus
271 1463 322 1539 sit,
340 1482 402 1540 quo
417 1461 550 1522 consilio
566 1461 696 1522 servitia
717 1461 888 1540 repudiet?
910 1461 942 1520 in
962 1462 1038 1520 urbe
1059 1468 1170 1538 parata
1190 1480 1257 1522 esse
1278 1473 1307 1518 ιο

203 1587 283 1646 quae
309 1567 455 1642 iusserit3
487 1587 526 1626 ne
551 1573 715 1627 cunctetur
739 1567 808 1645 ipse
833 1566 962 1644 propius
990 1567 1144 1626 accedere.
1194 1567 1256 1626 His

202 1674 295 1733 rebus
314 1673 361 1733 ita
378 1673 467 1747 actis,
482 1671 655 1732 constituta
671 1679 761 1732 nocte
777 1691 839 1750 qua
852 1670 1132 1749 proficiscerentur,
1148 1671 1257 1732 Cicero

203 1797 259 1856 per
273 1778 393 1854 legatos
407 1783 520 1837 cuncta
533 1777 663 1836 edoctus
678 1778 712 1836 L.
726 1777 852 1838 Valerio
866 1776 978 1837 Flacco
994 1783 1025 1836 et
1040 1776 1072 1837 C.
1089 1777 1257 1855 Pomptino

203 1883 400 1962 praetoribus
422 1882 557 1959 imperat
578 1888 614 1941 ut
635 1881 669 1940 in
690 1889 785 1960 ponte
806 1880 930 1940 Mulvio
947 1900 1004 1960 per
1023 1882 1155 1942 insidias
1173 1881 1258 1942 Allo-

203 1989 335 2064 brogum
355 1987 522 2047 comitatus
546 1987 799 2064 deprehendant3
822 2005 887 2046 rem
907 2004 1029 2046 omnem
1048 1987 1150 2064 aperit
1167 1987 1256 2048 cuius
1277 1996 1305 2041 16

204 2093 306 2169 gratia
331 2092 557 2167 mittebantur;
590 2098 702 2167 cetera,
724 2092 772 2151 uti
796 2092 882 2151 facto
906 2111 983 2169 opus
1010 2092 1060 2166 sit,
1082 2092 1127 2152 ita
1151 2099 1255 2168 agant,

204 2198 386 2277 permittit·
413 2196 479 2272 Illi,
494 2197 636 2257 homines
659 2196 821 2273 militares,
840 2197 908 2257 sine
929 2197 1068 2257 tumultu
1090 2197 1256 2274 praesidiis

203 2302 375 2377 collocatis,
393 2301 487 2362 sicuti
503 2305 703 2379 praeceptum
723 2306 799 2376 erat,
815 2301 936 2362 occulte
953 2307 1081 2379 pontem
1098 2303 1255 2362 obsidunt.

204 2409 378 2486 Postquam
392 2406 433 2467 ad
447 2407 481 2467 id
494 2406 555 2466 loci
570 2406 667 2483 legati
682 2425 752 2465 oum
766 2406 928 2468 Volturcio
943 2411 1096 2470 venerunt
1112 2413 1144 2467 et
1162 2407 1255 2468 simul

123 2587 125 2594 y
204 2513 362 2590 utrimque
391 2512 508 2572 clamor
529 2517 655 2572 exortus
680 2518 741 2587 est,¹
763 2511 857 2586 Galli,
879 2511 942 2572 cito
965 2511 1092 2587 cognito
1116 2512 1257 2588 consilio,
1277 2523 1307 2567 uo

205 2619 273 2679 sine
290 2637 379 2678 mora
397 2616 593 2695 praetoribus
614 2635 647 2676 se
661 2617 800 2676 tradunt.
842 2616 1024 2676 Volturcius
1039 2618 1140 2696 primo
1155 2618 1258 2678 cohor-

205 2729 292 2783 tatus
309 2728 430 2783 ceteros
449 2721 553 2798 gladio
573 2740 605 2782 se
623 2741 642 2780 a
656 2720 860 2782 multitudine
875 2721 1028 2797 defendit,
1044 2723 1157 2782 deinde
1172 2723 1225 2783 ubi
1240 2743 1259 2783 a

205 2828 318 2904 legatis
341 2828 483 2889 desertus
503 2833 561 2901 est,
577 2826 677 2886 multe
696 2826 783 2904 prius
803 2826 841 2886 de
859 2827 960 2887 salute
978 2847 1035 2888 sua
1053 2829 1258 2906 Pomptinum

206 2933 391 3009 obtestatus,
414 2932 498 3010 quod
518 2931 547 2991 ei
571 2937 664 2991 notus
686 2937 762 3005 erat,
784 2937 942 3009 postremo
962 2932 1093 2992 timidus
1114 2951 1150 2993 ac
1174 2933 1258 2993 vitae

206 3037 351 3099 diffidens
366 3036 454 3097 velut
468 3036 610 3096 hostibus
626 3054 693 3096 sese
707 3037 904 3113 praetoribus
919 3037 1014 3098 dedit.
1277 3046 1306 3091 ro

229 3250 363 3311 Iusorruul
376 3249 560 3298 examinatiore
572 3248 605 3309 os
613 3248 655 3298 the
663 3249 805 3310 prisonem
817 3248 904 3310 before
922 3248 1015 3298 Cicero
1028 3249 1084 3299 aud
1097 3249 1139 3300 tte
1151 3256 1241 3301 secate

583 3339 639 3388 aad
651 3339 721 3389 their
732 3340 894 3401 confession.

246 3454 365 3526 Quibus
382 3453 473 3513 rebus
487 3453 639 3513 confectis
654 3452 760 3513 omnia
774 3473 904 3531 propere
919 3473 975 3533 per
991 3455 1120 3515 nuntios
1138 3455 1258 3515 consuli

206 3560 414 3620 declarantur.
457 3559 502 3618 At
519 3558 609 3618 illum
629 3559 739 3635 iugens
761 3577 835 3619 cura
852 3566 947 3637 atque
964 3558 1088 3620 laetitia
1104 3559 1198 3620 simul
1213 3579 1259 3620 oc

205 3685 376 3744 cupavere3
399 3683 472 3724 nam
486 3664 662 3724 laetabatur
673 3663 861 3740 intellegens
872 3665 1085 3725 coniuratione
1100 3665 1259 3742 patefacta

205 3772 368 3833 civitatem
389 3769 537 3849 periculis
559 3775 698 3848 ereptam
719 3787 796 3846 esse,
819 3787 911 3846 porro
932 3776 1036 3830 autem
1058 3769 1170 3830 anxius
1191 3775 1259 3829 erat
