3038 4278
470 390 598 446 LIVY’S
622 391 771 447 ROMAN
796 391 976 447 HISTORY
1205 380 1226 448 9

169 560 314 624 tributim
337 561 439 639 plebis
462 561 615 638 iussisset,
634 563 785 640 populum
802 568 933 637 teneret,
955 579 1018 640 qua
1038 561 1107 639 lege
1129 563 1226 624 tribu-

168 666 260 728 niciis
289 667 502 744 rogationibus
529 667 629 727 telum
656 667 842 728 acerrimum
871 668 980 727 datum
1007 673 1063 727 est.
1117 667 1224 728 Aliam

168 772 282 832 deinde
306 773 502 833 consularem
530 772 631 848 legem
656 773 695 832 de
722 772 951 851 provocatione,
979 771 1108 833 unicum
1136 792 1223 852 prae·

169 879 285 938 sidium
306 876 472 952 libertatis,
492 877 693 938 decemvirali
715 883 871 956 potestate
890 895 1031 938 eversam
1053 897 1114 938 non
1136 879 1225 940 resti-

167 988 264 1043 tuunt
281 984 383 1058 modo,
399 983 454 1043 sed
476 983 570 1042 etiam
591 983 624 1042 in
646 988 805 1061 posterum
821 981 968 1043 muniunt
990 983 1160 1044 sanciendo
1173 1004 1224 1044 no
1242 997 1258 1041 s

168 1106 240 1149 vam
262 1087 371 1165 legem,
393 1107 432 1147 ne
454 1087 525 1165 quis
547 1087 648 1146 ullum
670 1087 889 1163 magistratum
914 1088 981 1148 sine
1003 1089 1224 1165 provocatione

168 1198 304 1269 crearet;
337 1192 393 1270 qui
417 1197 563 1268 creasset,
589 1211 660 1252 eum
689 1193 739 1253 ius
763 1193 876 1270 fasque
901 1199 985 1252 esset
1009 1192 1119 1269 occidi,
1143 1213 1224 1254 neve

168 1316 205 1357 ea
219 1297 328 1358 caedes
348 1297 494 1375 capitalis
510 1317 610 1358 noxae
631 1297 807 1358 haberetur.
850 1298 892 1356 Et
912 1316 984 1357 cum
1003 1298 1127 1376 plebem
1148 1298 1223 1358 hinc

167 1401 398 1480 provocatione,
436 1402 512 1461 hinc
548 1402 717 1462 tribunicio
759 1401 879 1462 auxilio
918 1402 995 1462 satis
1034 1401 1222 1464 firmassent.

168 1508 254 1584 Ipsis
287 1526 411 1585 quoque
438 1507 585 1583 tribunis,
616 1515 654 1567 ut
688 1508 878 1568 sacrosancti
914 1507 1106 1585 viderentur,
1135 1509 1273 1575 cuius10

167 1613 214 1671 rei
242 1612 338 1690 prope
367 1612 429 1672 iarn
459 1613 607 1672 memoria
629 1612 816 1686 aboleverat,
842 1611 951 1672 relatis
973 1612 1163 1690 quibusdam
1185 1633 1224 1673 ex

168 1736 281 1792 magno
303 1717 472 1777 intervallo
492 1717 689 1777 caerimoniis
711 1723 911 1792 renovarunt,
927 1723 958 1776 et
981 1736 1049 1776 cum
1071 1718 1224 1795 religione

167 1821 339 1882 inviolatos
367 1841 420 1882 eos
444 1828 513 1881 tum
537 1822 607 1898 lege
628 1822 722 1881 etiam
746 1822 890 1881 fecerunt
913 1822 1090 1896 sanciendo,
1112 1830 1148 1883 ut
1170 1825 1224 1901 qui

167 1927 305 1987 tribunis
327 1926 438 2005 plebis,
463 1927 627 2002 aedilibus,
653 1910 811 1986 iudicibus
840 1927 1027 1986 decemviris
1055 1929 1223 2006 nocuisset,

168 2031 236 2092 eius
264 2037 360 2109 caput
382 2032 452 2091 Iovi
478 2051 599 2092 sacrum
622 2037 715 2106 esset,
741 2031 867 2091 familia
893 2032 933 2091 ad
959 2032 1066 2092 aedem
1092 2032 1224 2109 Cereris,
1244 2052 1273 2098 15

168 2136 276 2197 Liberi
301 2136 495 2214 Liberaeque
515 2157 627 2223 venum
655 2136 855 2196 iret-Hac
878 2136 946 2213 lege
971 2137 1049 2198 iuris
1075 2137 1225 2216 interpre

167 2247 216 2302 tes
244 2248 362 2330 negant
376 2261 576 2319 tquemquam
608 2247 838 2302 sacrosanctum
869 2260 947 2316 esse,
976 2242 1030 2302 sed
1059 2261 1139 2317 eum,
1169 2245 1225 2321 qui
1306 2243 1307 2246 ’

168 2365 274 2406 eorum
291 2347 437 2424 cuiquam
455 2345 605 2422 nocuerit,
624 2346 689 2426 [id]
709 2365 830 2406 sacrum
850 2346 973 2406 sanciri.
1017 2349 1130 2425 Itaque
1144 2349 1226 2408 aedi-

168 2451 231 2510 lem
255 2451 367 2528 prendi
390 2449 524 2529 ducique
547 2471 566 2510 a
590 2451 760 2511 maioribus
786 2450 1034 2528 magistratibus,
1058 2453 1141 2529 quod
1164 2455 1225 2514 etsi

168 2575 230 2616 non
255 2555 323 2616 iure
348 2556 565 2616 fiat—noceri
587 2556 671 2616 enim
688 2556 726 2630 ei,
741 2557 793 2615 cui
813 2556 873 2617 hac
894 2557 962 2632 lege
984 2576 1046 2616 non
1064 2557 1224 2633 liceat—,
1244 2575 1273 2620 20

169 2667 276 2720 tamen
300 2667 519 2737 argumentum
547 2679 615 2722 esse
640 2680 703 2720 non
730 2660 840 2721 haberi
865 2680 921 2738 pro
943 2681 1031 2721 sacro
1056 2669 1225 2741 sanctoque

169 2767 302 2826 aedilem
316 2788 323 2840 ;
339 2766 488 2826 tribunos
502 2773 609 2825 vetere
629 2766 696 2825 iure
716 2765 848 2825 iurando
869 2765 980 2844 plebis,
997 2785 1067 2826 cum
1087 2768 1224 2845 primum

169 2890 236 2931 eam
262 2875 451 2948 potestatem
476 2870 604 2945 creavit,
627 2875 839 2930 sacrosanctos
864 2889 939 2930 esse.
985 2873 1084 2932 Fuere
1105 2873 1159 2950 qui
1181 2874 1225 2934 in·

168 2981 426 3053 terpretarentur,
455 2975 564 3050 eadam
597 2975 657 3034 hac
686 2975 822 3035 Horatia
850 2973 919 3050 lege
944 2975 1125 3038 oonsulibus
1153 2998 1225 3056 quo

169 3100 229 3159 que
257 3085 291 3140 et
324 3079 529 3158 praetoribus,
558 3079 634 3158 quia
670 3079 790 3140 eisdem
826 3079 977 3157 auspiciis
1014 3081 1128 3157 quibus
1157 3101 1225 3143 con·
1243 3098 1273 3143 ao

168 3186 252 3246 sules
281 3191 469 3259 crearentur,
500 3191 626 3245 cautum
660 3203 746 3244 esse:
779 3184 915 3244 iudicem
948 3185 1032 3244 enim
1065 3188 1223 3248 consulem

168 3290 331 3369 appellari.
374 3289 460 3360 Quae
481 3289 639 3350 refellitur
661 3289 889 3367 interpretatio,
912 3290 995 3366 quod
1018 3290 1057 3350 iis
1079 3294 1224 3370 tempori-

167 3397 226 3456 bus
262 3396 402 3455 nondum
438 3395 599 3455 consulem
634 3395 777 3468 iudicem,
815 3395 870 3454 sed
907 3401 1081 3471 praetorem
1120 3399 1223 3474 appel·

166 3500 227 3560 lari
249 3520 318 3561 mos
339 3501 452 3561 fuerat.
496 3501 567 3559 Hae
588 3499 765 3560 consulares
787 3498 871 3574 leges
892 3499 989 3558 fuere.
1033 3500 1222 3562 Institutum

168 3605 265 3666 etiam
286 3606 327 3666 ab
348 3605 447 3667 isdem
473 3604 664 3679 consulibus,
685 3609 721 3664 ut
737 3608 864 3664 senatus
890 3603 1035 3664 consulta
1057 3604 1091 3663 in
1113 3607 1221 3666 aedem
1242 3622 1272 3668 30

169 3711 291 3772 Cereris
316 3711 356 3770 ad
379 3709 496 3771 aediles
518 3709 620 3788 plebis
645 3708 851 3782 deferrentur,
874 3727 953 3784 quae
975 3714 1069 3768 antea
1093 3711 1224 3771 arbitrio

168 3815 333 3878 consulum
369 3815 645 3894 supprimebantur
680 3813 944 3890 vitiabanturque.
1001 3813 1045 3872 M.
1082 3815 1223 3877 Duillius
