<?xml version="1.0" encoding="UTF-8"?>
<!DOCTYPE html PUBLIC "-//W3C//DTD XHTML 1.0 Transitional//EN"
    "http://www.w3.org/TR/xhtml1/DTD/xhtml1-transitional.dtd">
<html xmlns="http://www.w3.org/1999/xhtml" xml:lang="en" lang="en">
 <head>
  <title>
</title>
<meta http-equiv="Content-Type" content="text/html;charset=utf-8" />
  <meta name='ocr-system' content='tesseract 3.04.00' />
  <meta name='ocr-capabilities' content='ocr_page ocr_carea ocr_par ocr_line ocrx_word'/>
</head>
<body>
  <div class='ocr_page' id='page_1' title='image "./selectionsfromr00miergoog_0032.png"; bbox 0 0 3038 4278; ppageno 0'>
   <div class='ocr_carea' id='block_1_1' title="bbox 491 323 1266 393">
    <p class='ocr_par' dir='ltr' id='par_1_1' title="bbox 491 323 1266 393">
     <span class='ocr_line' id='line_1_1' title="bbox 491 323 1266 393; baseline 0.006 -5"><span class='ocrx_word' id='word_1_1' title='bbox 491 333 619 390; x_wconf 75' lang='lat' dir='ltr'><strong>mvr’s</strong></span> <span class='ocrx_word' id='word_1_2' title='bbox 643 334 793 390; x_wconf 78' lang='lat' dir='ltr'><strong>noman</strong></span> <span class='ocrx_word' id='word_1_3' title='bbox 817 334 997 390; x_wconf 81' lang='lat' dir='ltr'><strong>mercar</strong></span> <span class='ocrx_word' id='word_1_4' title='bbox 1222 323 1266 393; x_wconf 85' lang='lat'><strong>17</strong></span> 
     </span>
    </p>
   </div>
   <div class='ocr_carea' id='block_1_2' title="bbox 212 503 1390 3848">
    <p class='ocr_par' dir='ltr' id='par_1_2' title="bbox 212 503 1317 2057">
     <span class='ocr_line' id='line_1_2' title="bbox 213 503 1265 584; baseline 0.001 -18"><span class='ocrx_word' id='word_1_5' title='bbox 213 505 366 566; x_wconf 77' lang='lat' dir='ltr'><strong>decimam</strong></span> <span class='ocrx_word' id='word_1_6' title='bbox 390 510 511 583; x_wconf 88' lang='lat' dir='ltr'><strong>partem</strong></span> <span class='ocrx_word' id='word_1_7' title='bbox 536 503 669 582; x_wconf 82' lang='lat' dir='ltr'><strong>praedae</strong></span> <span class='ocrx_word' id='word_1_8' title='bbox 690 523 796 565; x_wconf 81' lang='lat' dir='ltr'><strong>voveo.</strong></span> <span class='ocrx_word' id='word_1_9' title='bbox 848 506 892 565; x_wconf 86' lang='lat' dir='ltr'><strong>Te</strong></span> <span class='ocrx_word' id='word_1_10' title='bbox 918 505 1022 582; x_wconf 89' lang='lat' dir='ltr'><strong>simul,</strong></span> <span class='ocrx_word' id='word_1_11' title='bbox 1046 507 1125 567; x_wconf 92' lang='lat' dir='ltr'><strong>Iuno</strong></span> <span class='ocrx_word' id='word_1_12' title='bbox 1148 505 1265 584; x_wconf 83' lang='lat' dir='ltr'><strong>regina,</strong></span> 
     </span>
     <span class='ocr_line' id='line_1_3' title="bbox 213 610 1265 689; baseline 0.001 -18"><span class='ocrx_word' id='word_1_13' title='bbox 213 629 292 689; x_wconf 91' lang='lat' dir='ltr'><strong>quae</strong></span> <span class='ocrx_word' id='word_1_14' title='bbox 314 629 396 670; x_wconf 90' lang='lat' dir='ltr'><strong>nunc</strong></span> <span class='ocrx_word' id='word_1_15' title='bbox 418 610 513 671; x_wconf 82' lang='lat' dir='ltr'><strong>Veios</strong></span> <span class='ocrx_word' id='word_1_16' title='bbox 533 610 619 685; x_wconf 87' lang='lat' dir='ltr'><strong>eolis,</strong></span> <span class='ocrx_word' id='word_1_17' title='bbox 640 629 757 688; x_wconf 88' lang='lat' dir='ltr'><strong>precor,</strong></span> <span class='ocrx_word' id='word_1_18' title='bbox 772 617 809 670; x_wconf 90' lang='lat' dir='ltr'><strong>ut</strong></span> <span class='ocrx_word' id='word_1_19' title='bbox 830 629 887 672; x_wconf 91' lang='lat' dir='ltr'><strong>nos</strong></span> <span class='ocrx_word' id='word_1_20' title='bbox 908 610 1041 672; x_wconf 82' lang='lat' dir='ltr'><strong>victores</strong></span> <span class='ocrx_word' id='word_1_21' title='bbox 1067 611 1099 671; x_wconf 94' lang='lat' dir='ltr'><strong>in</strong></span> <span class='ocrx_word' id='word_1_22' title='bbox 1126 619 1265 673; x_wconf 90' lang='lat' dir='ltr'><strong>nostram</strong></span> 
     </span>
     <span class='ocr_line' id='line_1_4' title="bbox 212 715 1280 804; baseline -0.001 -27"><span class='ocrx_word' id='word_1_23' title='bbox 212 722 361 794; x_wconf 90' lang='lat' dir='ltr'><strong>tuamque</strong></span> <span class='ocrx_word' id='word_1_24' title='bbox 375 735 448 776; x_wconf 84' lang='lat' dir='ltr'><strong>mox</strong></span> <span class='ocrx_word' id='word_1_25' title='bbox 462 716 603 776; x_wconf 86' lang='lat' dir='ltr'><strong>futuram</strong></span> <span class='ocrx_word' id='word_1_26' title='bbox 616 715 724 775; x_wconf 91' lang='lat' dir='ltr'><strong>urbem</strong></span> <span class='ocrx_word' id='word_1_27' title='bbox 746 734 885 794; x_wconf 88' lang='lat' dir='ltr'><strong>sequare,</strong></span> <span class='ocrx_word' id='word_1_28' title='bbox 899 716 954 776; x_wconf 93' lang='lat' dir='ltr'><strong>ubi</strong></span> <span class='ocrx_word' id='word_1_29' title='bbox 968 721 1000 776; x_wconf 89' lang='lat' dir='ltr'><strong>te</strong></span> <span class='ocrx_word' id='word_1_30' title='bbox 1013 716 1142 792; x_wconf 85' lang='lat' dir='ltr'><strong>dignum</strong></span> <span class='ocrx_word' id='word_1_31' title='bbox 1157 717 1280 804; x_wconf 30' lang='lat' dir='ltr'><strong>ampli-l</strong></span> 
     </span>
     <span class='ocr_line' id='line_1_5' title="bbox 213 821 1266 900; baseline 0.001 -18"><span class='ocrx_word' id='word_1_32' title='bbox 213 823 323 882; x_wconf 90' lang='lat' dir='ltr'><strong>tudine</strong></span> <span class='ocrx_word' id='word_1_33' title='bbox 348 828 405 882; x_wconf 88' lang='lat' dir='ltr'><strong>tua</strong></span> <span class='ocrx_word' id='word_1_34' title='bbox 428 821 581 899; x_wconf 89' lang='lat' dir='ltr'><strong>templum</strong></span> <span class='ocrx_word' id='word_1_35' title='bbox 609 821 772 899; x_wconf 90' lang='lat' dir='ltr'><strong>accipiat.&#39;’</strong></span> <span class='ocrx_word' id='word_1_36' title='bbox 818 822 906 882; x_wconf 90' lang='lat' dir='ltr'><strong>Haeo</strong></span> <span class='ocrx_word' id='word_1_37' title='bbox 931 828 1075 900; x_wconf 82' lang='lat' dir='ltr'><strong>precatus</strong></span> <span class='ocrx_word' id='word_1_38' title='bbox 1099 829 1266 900; x_wconf 73' lang='lat' dir='ltr'><strong>superante</strong></span> 
     </span>
     <span class='ocr_line' id='line_1_6' title="bbox 214 926 1300 1006; baseline 0 -18"><span class='ocrx_word' id='word_1_39' title='bbox 214 927 418 988; x_wconf 90' lang='lat' dir='ltr'><strong>multitudine</strong></span> <span class='ocrx_word' id='word_1_40' title='bbox 433 928 472 987; x_wconf 94' lang='lat' dir='ltr'><strong>ab</strong></span> <span class='ocrx_word' id='word_1_41' title='bbox 493 927 637 988; x_wconf 89' lang='lat' dir='ltr'><strong>omnibus</strong></span> <span class='ocrx_word' id='word_1_42' title='bbox 651 926 728 987; x_wconf 88' lang='lat' dir='ltr'><strong>locis</strong></span> <span class='ocrx_word' id='word_1_43' title='bbox 748 926 857 987; x_wconf 89' lang='lat' dir='ltr'><strong>urbem</strong></span> <span class='ocrx_word' id='word_1_44' title='bbox 878 927 1070 1003; x_wconf 77' lang='lat' dir='ltr'><strong>adgreditur,</strong></span> <span class='ocrx_word' id='word_1_45' title='bbox 1085 948 1147 1006; x_wconf 93' lang='lat' dir='ltr'><strong>quo</strong></span> <span class='ocrx_word' id='word_1_46' title='bbox 1165 929 1267 988; x_wconf 93' lang='lat' dir='ltr'><strong>minor</strong></span> <span class='ocrx_word' id='word_1_47' title='bbox 1285 947 1300 994; x_wconf 83' lang='lat' dir='ltr'><strong>s</strong></span> 
     </span>
     <span class='ocr_line' id='line_1_7' title="bbox 213 1031 1265 1110; baseline 0 -16"><span class='ocrx_word' id='word_1_48' title='bbox 213 1035 253 1094; x_wconf 90' lang='lat' dir='ltr'><strong>ab</strong></span> <span class='ocrx_word' id='word_1_49' title='bbox 280 1032 425 1094; x_wconf 86' lang='lat' dir='ltr'><strong>cuniculo</strong></span> <span class='ocrx_word' id='word_1_50' title='bbox 452 1032 628 1108; x_wconf 83' lang='lat' dir='ltr'><strong>ingruentis</strong></span> <span class='ocrx_word' id='word_1_51' title='bbox 656 1031 789 1110; x_wconf 91' lang='lat' dir='ltr'><strong>periculi</strong></span> <span class='ocrx_word' id='word_1_52' title='bbox 818 1049 928 1093; x_wconf 90' lang='lat' dir='ltr'><strong>sensus</strong></span> <span class='ocrx_word' id='word_1_53' title='bbox 960 1037 1052 1093; x_wconf 88' lang='lat' dir='ltr'><strong>esset.</strong></span> <span class='ocrx_word' id='word_1_54' title='bbox 1108 1033 1265 1110; x_wconf 88' lang='lat' dir='ltr'><strong>Veientes,</strong></span> 
     </span>
     <span class='ocr_line' id='line_1_8' title="bbox 214 1137 1267 1216; baseline 0 -18"><span class='ocrx_word' id='word_1_55' title='bbox 214 1138 316 1215; x_wconf 82' lang='lat' dir='ltr'><strong>ignari</strong></span> <span class='ocrx_word' id='word_1_56' title='bbox 338 1138 453 1199; x_wconf 87' lang='lat' dir='ltr'><strong>seiam</strong></span> <span class='ocrx_word' id='word_1_57' title='bbox 476 1157 494 1198; x_wconf 98' lang='lat' dir='ltr'><strong>a</strong></span> <span class='ocrx_word' id='word_1_58' title='bbox 515 1137 581 1198; x_wconf 87' lang='lat' dir='ltr'><strong>suis</strong></span> <span class='ocrx_word' id='word_1_59' title='bbox 602 1137 736 1212; x_wconf 86' lang='lat' dir='ltr'><strong>vatibus,</strong></span> <span class='ocrx_word' id='word_1_60' title='bbox 751 1137 814 1197; x_wconf 85' lang='lat' dir='ltr'><strong>iam</strong></span> <span class='ocrx_word' id='word_1_61' title='bbox 835 1137 876 1198; x_wconf 86' lang='lat' dir='ltr'><strong>ab</strong></span> <span class='ocrx_word' id='word_1_62' title='bbox 889 1138 1028 1198; x_wconf 86' lang='lat' dir='ltr'><strong>externis</strong></span> <span class='ocrx_word' id='word_1_63' title='bbox 1049 1137 1183 1199; x_wconf 85' lang='lat' dir='ltr'><strong>oraculis</strong></span> <span class='ocrx_word' id='word_1_64' title='bbox 1200 1158 1267 1216; x_wconf 82' lang='lat' dir='ltr'><strong>pro</strong></span> 
     </span>
     <span class='ocr_line' id='line_1_9' title="bbox 216 1242 1266 1320; baseline 0.001 -17"><span class='ocrx_word' id='word_1_65' title='bbox 216 1244 308 1318; x_wconf 91' lang='lat' dir='ltr'><strong>ditos,</strong></span> <span class='ocrx_word' id='word_1_66' title='bbox 323 1243 386 1303; x_wconf 89' lang='lat' dir='ltr'><strong>iam</strong></span> <span class='ocrx_word' id='word_1_67' title='bbox 400 1242 434 1301; x_wconf 92' lang='lat' dir='ltr'><strong>in</strong></span> <span class='ocrx_word' id='word_1_68' title='bbox 448 1249 569 1320; x_wconf 88' lang='lat' dir='ltr'><strong>partem</strong></span> <span class='ocrx_word' id='word_1_69' title='bbox 584 1242 718 1320; x_wconf 90' lang='lat' dir='ltr'><strong>praedae</strong></span> <span class='ocrx_word' id='word_1_70' title='bbox 740 1261 814 1303; x_wconf 89' lang='lat' dir='ltr'><strong>suae</strong></span> <span class='ocrx_word' id='word_1_71' title='bbox 836 1248 962 1304; x_wconf 87' lang='lat' dir='ltr'><strong>vocatos</strong></span> <span class='ocrx_word' id='word_1_72' title='bbox 984 1243 1067 1318; x_wconf 90' lang='lat' dir='ltr'><strong>deos,</strong></span> <span class='ocrx_word' id='word_1_73' title='bbox 1082 1243 1162 1304; x_wconf 90' lang='lat' dir='ltr'><strong>alios</strong></span> <span class='ocrx_word' id='word_1_74' title='bbox 1183 1244 1266 1304; x_wconf 87' lang='lat' dir='ltr'><strong>votis</strong></span> 
     </span>
     <span class='ocr_line' id='line_1_10' title="bbox 215 1347 1267 1426; baseline 0.001 -18"><span class='ocrx_word' id='word_1_75' title='bbox 215 1368 253 1408; x_wconf 86' lang='lat' dir='ltr'><strong>ex</strong></span> <span class='ocrx_word' id='word_1_76' title='bbox 287 1349 363 1408; x_wconf 92' lang='lat' dir='ltr'><strong>urbe</strong></span> <span class='ocrx_word' id='word_1_77' title='bbox 393 1365 451 1408; x_wconf 91' lang='lat' dir='ltr'><strong>sua</strong></span> <span class='ocrx_word' id='word_1_78' title='bbox 478 1354 622 1408; x_wconf 83' lang='lat' dir='ltr'><strong>evocatos</strong></span> <span class='ocrx_word' id='word_1_79' title='bbox 657 1347 796 1408; x_wconf 91' lang='lat' dir='ltr'><strong>hostium</strong></span> <span class='ocrx_word' id='word_1_80' title='bbox 830 1347 950 1426; x_wconf 88' lang='lat' dir='ltr'><strong>templa</strong></span> <span class='ocrx_word' id='word_1_81' title='bbox 982 1367 1142 1426; x_wconf 85' lang='lat' dir='ltr'><strong>novasque</strong></span> <span class='ocrx_word' id='word_1_82' title='bbox 1177 1349 1267 1410; x_wconf 91' lang='lat' dir='ltr'><strong>sedes</strong></span> 
     </span>
     <span class='ocr_line' id='line_1_11' title="bbox 215 1452 1316 1532; baseline 0.004 -18"><span class='ocrx_word' id='word_1_83' title='bbox 215 1460 355 1532; x_wconf 91' lang='lat' dir='ltr'><strong>spectare</strong></span> <span class='ocrx_word' id='word_1_84' title='bbox 384 1471 478 1530; x_wconf 91' lang='lat' dir='ltr'><strong>seque</strong></span> <span class='ocrx_word' id='word_1_85' title='bbox 505 1452 656 1512; x_wconf 89' lang='lat' dir='ltr'><strong>ultimum</strong></span> <span class='ocrx_word' id='word_1_86' title='bbox 688 1452 780 1512; x_wconf 90' lang='lat' dir='ltr'><strong>illum</strong></span> <span class='ocrx_word' id='word_1_87' title='bbox 812 1452 897 1512; x_wconf 91' lang='lat' dir='ltr'><strong>diem</strong></span> <span class='ocrx_word' id='word_1_88' title='bbox 925 1471 1026 1529; x_wconf 86' lang='lat' dir='ltr'><strong>agere,</strong></span> <span class='ocrx_word' id='word_1_89' title='bbox 1054 1453 1135 1512; x_wconf 90' lang='lat' dir='ltr'><strong>nihil</strong></span> <span class='ocrx_word' id='word_1_90' title='bbox 1163 1454 1267 1514; x_wconf 84' lang='lat' dir='ltr'><strong>minus</strong></span> <span class='ocrx_word' id='word_1_91' title='bbox 1288 1473 1316 1519; x_wconf 87' lang='lat'><strong>10</strong></span> 
     </span>
     <span class='ocr_line' id='line_1_12' title="bbox 215 1557 1266 1635; baseline -0.001 -16"><span class='ocrx_word' id='word_1_92' title='bbox 215 1559 362 1619; x_wconf 88' lang='lat' dir='ltr'><strong>timentes</strong></span> <span class='ocrx_word' id='word_1_93' title='bbox 393 1576 487 1635; x_wconf 86' lang='lat' dir='ltr'><strong>quam</strong></span> <span class='ocrx_word' id='word_1_94' title='bbox 522 1557 661 1618; x_wconf 87' lang='lat' dir='ltr'><strong>subrutis</strong></span> <span class='ocrx_word' id='word_1_95' title='bbox 691 1558 836 1618; x_wconf 89' lang='lat' dir='ltr'><strong>cuniculo</strong></span> <span class='ocrx_word' id='word_1_96' title='bbox 871 1558 1033 1618; x_wconf 89' lang='lat' dir='ltr'><strong>moenibus</strong></span> <span class='ocrx_word' id='word_1_97' title='bbox 1068 1577 1169 1619; x_wconf 90' lang='lat' dir='ltr'><strong>arcem</strong></span> <span class='ocrx_word' id='word_1_98' title='bbox 1204 1559 1266 1619; x_wconf 89' lang='lat' dir='ltr'><strong>iam</strong></span> 
     </span>
     <span class='ocr_line' id='line_1_13' title="bbox 215 1662 1267 1742; baseline 0 -19"><span class='ocrx_word' id='word_1_99' title='bbox 215 1664 340 1742; x_wconf 85' lang='lat' dir='ltr'><strong>plenam</strong></span> <span class='ocrx_word' id='word_1_100' title='bbox 375 1662 513 1723; x_wconf 91' lang='lat' dir='ltr'><strong>hostium</strong></span> <span class='ocrx_word' id='word_1_101' title='bbox 548 1681 616 1724; x_wconf 89' lang='lat' dir='ltr'><strong>esse</strong></span> <span class='ocrx_word' id='word_1_102' title='bbox 642 1662 676 1722; x_wconf 94' lang='lat' dir='ltr'><strong>in</strong></span> <span class='ocrx_word' id='word_1_103' title='bbox 705 1682 811 1724; x_wconf 89' lang='lat' dir='ltr'><strong>muros</strong></span> <span class='ocrx_word' id='word_1_104' title='bbox 843 1682 900 1741; x_wconf 92' lang='lat' dir='ltr'><strong>pro</strong></span> <span class='ocrx_word' id='word_1_105' title='bbox 927 1681 960 1724; x_wconf 91' lang='lat' dir='ltr'><strong>se</strong></span> <span class='ocrx_word' id='word_1_106' title='bbox 989 1663 1122 1741; x_wconf 90' lang='lat' dir='ltr'><strong>quisque</strong></span> <span class='ocrx_word' id='word_1_107' title='bbox 1155 1664 1267 1724; x_wconf 89' lang='lat' dir='ltr'><strong>armati</strong></span> 
     </span>
     <span class='ocr_line' id='line_1_14' title="bbox 215 1767 1268 1847; baseline -0.001 -17"><span class='ocrx_word' id='word_1_108' title='bbox 215 1770 397 1830; x_wconf 90' lang='lat' dir='ltr'><strong>discurrunt</strong></span> <span class='ocrx_word' id='word_1_109' title='bbox 421 1768 571 1828; x_wconf 88' lang='lat' dir='ltr'><strong>mirantes</strong></span> <span class='ocrx_word' id='word_1_110' title='bbox 595 1767 746 1845; x_wconf 89' lang='lat' dir='ltr'><strong>quidnam</strong></span> <span class='ocrx_word' id='word_1_111' title='bbox 768 1768 802 1828; x_wconf 91' lang='lat' dir='ltr'><strong>id</strong></span> <span class='ocrx_word' id='word_1_112' title='bbox 825 1774 908 1828; x_wconf 87' lang='lat' dir='ltr'><strong>esset</strong></span> <span class='ocrx_word' id='word_1_113' title='bbox 932 1768 1024 1845; x_wconf 90' lang='lat' dir='ltr'><strong>quod,</strong></span> <span class='ocrx_word' id='word_1_114' title='bbox 1048 1787 1119 1828; x_wconf 91' lang='lat' dir='ltr'><strong>cum</strong></span> <span class='ocrx_word' id='word_1_115' title='bbox 1142 1775 1189 1829; x_wconf 92' lang='lat' dir='ltr'><strong>tot</strong></span> <span class='ocrx_word' id='word_1_116' title='bbox 1212 1788 1268 1847; x_wconf 91' lang='lat' dir='ltr'><strong>per</strong></span> 
     </span>
     <span class='ocr_line' id='line_1_15' title="bbox 215 1872 1268 1948; baseline -0.002 -13"><span class='ocrx_word' id='word_1_117' title='bbox 215 1875 281 1935; x_wconf 91' lang='lat' dir='ltr'><strong>dies</strong></span> <span class='ocrx_word' id='word_1_118' title='bbox 302 1893 394 1933; x_wconf 91' lang='lat' dir='ltr'><strong>nemo</strong></span> <span class='ocrx_word' id='word_1_119' title='bbox 415 1892 448 1933; x_wconf 91' lang='lat' dir='ltr'><strong>se</strong></span> <span class='ocrx_word' id='word_1_120' title='bbox 469 1873 510 1932; x_wconf 90' lang='lat' dir='ltr'><strong>ab</strong></span> <span class='ocrx_word' id='word_1_121' title='bbox 531 1872 719 1933; x_wconf 89' lang='lat' dir='ltr'><strong>stationibus</strong></span> <span class='ocrx_word' id='word_1_122' title='bbox 741 1873 902 1933; x_wconf 86' lang='lat' dir='ltr'><strong>Romanus</strong></span> <span class='ocrx_word' id='word_1_123' title='bbox 924 1873 1083 1948; x_wconf 87' lang='lat' dir='ltr'><strong>movisset,</strong></span> <span class='ocrx_word' id='word_1_124' title='bbox 1099 1880 1167 1933; x_wconf 93' lang='lat' dir='ltr'><strong>tum</strong></span> <span class='ocrx_word' id='word_1_125' title='bbox 1181 1873 1268 1934; x_wconf 87' lang='lat' dir='ltr'><strong>velut</strong></span> 
     </span>
     <span class='ocr_line' id='line_1_16' title="bbox 215 1977 1317 2057; baseline 0.003 -19"><span class='ocrx_word' id='word_1_126' title='bbox 215 1979 380 2057; x_wconf 90' lang='lat' dir='ltr'><strong>repentino</strong></span> <span class='ocrx_word' id='word_1_127' title='bbox 394 1977 450 2038; x_wconf 88' lang='lat' dir='ltr'><strong>icti</strong></span> <span class='ocrx_word' id='word_1_128' title='bbox 465 1978 570 2037; x_wconf 84' lang='lat' dir='ltr'><strong>furore</strong></span> <span class='ocrx_word' id='word_1_129' title='bbox 584 1977 743 2055; x_wconf 89' lang='lat' dir='ltr'><strong>inprovidi</strong></span> <span class='ocrx_word' id='word_1_130' title='bbox 758 1984 919 2038; x_wconf 90' lang='lat' dir='ltr'><strong>currerent</strong></span> <span class='ocrx_word' id='word_1_131' title='bbox 934 1978 974 2037; x_wconf 97' lang='grc'><strong>341</strong></span> <span class='ocrx_word' id='word_1_132' title='bbox 989 1997 1102 2039; x_wconf 89' lang='lat' dir='ltr'><strong>muros.</strong></span> <span class='ocrx_word' id='word_1_133' title='bbox 1280 1996 1317 2041; x_wconf 81' lang='lat' dir='ltr'><strong>·1t</strong></span> 
     </span>
    </p>

    <p class='ocr_par' dir='ltr' id='par_1_3' title="bbox 215 2082 1317 2899">
     <span class='ocr_line' id='line_1_17' title="bbox 256 2082 1266 2160; baseline -0.001 -17"><span class='ocrx_word' id='word_1_134' title='bbox 256 2084 413 2144; x_wconf 86' lang='lat' dir='ltr'><strong>Inseritur</strong></span> <span class='ocrx_word' id='word_1_135' title='bbox 436 2083 509 2142; x_wconf 91' lang='lat' dir='ltr'><strong>huic</strong></span> <span class='ocrx_word' id='word_1_136' title='bbox 534 2082 602 2143; x_wconf 88' lang='lat' dir='ltr'><strong>loco</strong></span> <span class='ocrx_word' id='word_1_137' title='bbox 623 2082 750 2143; x_wconf 86' lang='lat' dir='ltr'><strong>fabula:</strong></span> <span class='ocrx_word' id='word_1_138' title='bbox 781 2082 964 2143; x_wconf 89' lang='lat' dir='ltr'><strong>immolante</strong></span> <span class='ocrx_word' id='word_1_139' title='bbox 991 2102 1062 2160; x_wconf 82' lang='lat' dir='ltr'><strong>rege</strong></span> <span class='ocrx_word' id='word_1_140' title='bbox 1087 2083 1266 2143; x_wconf 87' lang='lat' dir='ltr'><strong>Veientium</strong></span> 
     </span>
     <span class='ocr_line' id='line_1_18' title="bbox 215 2187 1266 2266; baseline 0 -18"><span class='ocrx_word' id='word_1_141' title='bbox 215 2207 323 2249; x_wconf 83' lang='lat' dir='ltr'><strong>vocem</strong></span> <span class='ocrx_word' id='word_1_142' title='bbox 337 2188 513 2266; x_wconf 79' lang='lat' dir='ltr'><strong>haruspicis</strong></span> <span class='ocrx_word' id='word_1_143' title='bbox 528 2187 670 2262; x_wconf 86' lang='lat' dir='ltr'><strong>dicentis,</strong></span> <span class='ocrx_word' id='word_1_144' title='bbox 683 2188 738 2266; x_wconf 94' lang='lat' dir='ltr'><strong>qui</strong></span> <span class='ocrx_word' id='word_1_145' title='bbox 752 2188 819 2248; x_wconf 90' lang='lat' dir='ltr'><strong>eius</strong></span> <span class='ocrx_word' id='word_1_146' title='bbox 834 2188 955 2248; x_wconf 87' lang='lat' dir='ltr'><strong>hostiae</strong></span> <span class='ocrx_word' id='word_1_147' title='bbox 966 2195 1040 2248; x_wconf 87' lang='lat' dir='ltr'><strong>exta</strong></span> <span class='ocrx_word' id='word_1_148' title='bbox 1049 2189 1266 2266; x_wconf 88' lang='lat' dir='ltr'><strong>prosecuisset,</strong></span> 
     </span>
     <span class='ocr_line' id='line_1_19' title="bbox 216 2292 1268 2355; baseline 0.003 -3"><span class='ocrx_word' id='word_1_149' title='bbox 216 2293 245 2352; x_wconf 91' lang='lat' dir='ltr'><strong>ei</strong></span> <span class='ocrx_word' id='word_1_150' title='bbox 266 2293 430 2354; x_wconf 87' lang='lat' dir='ltr'><strong>victoriam</strong></span> <span class='ocrx_word' id='word_1_151' title='bbox 448 2293 518 2354; x_wconf 92' lang='lat' dir='ltr'><strong>dari</strong></span> <span class='ocrx_word' id='word_1_152' title='bbox 540 2292 719 2353; x_wconf 85' lang='lat' dir='ltr'><strong>exauditam</strong></span> <span class='ocrx_word' id='word_1_153' title='bbox 740 2293 775 2352; x_wconf 92' lang='lat' dir='ltr'><strong>in</strong></span> <span class='ocrx_word' id='word_1_154' title='bbox 795 2293 940 2354; x_wconf 82' lang='lat' dir='ltr'><strong>cuniculo</strong></span> <span class='ocrx_word' id='word_1_155' title='bbox 960 2294 1095 2354; x_wconf 88' lang='lat' dir='ltr'><strong>movisse</strong></span> <span class='ocrx_word' id='word_1_156' title='bbox 1109 2294 1268 2355; x_wconf 85' lang='lat' dir='ltr'><strong>Romanos</strong></span> 
     </span>
     <span class='ocr_line' id='line_1_20' title="bbox 216 2398 1268 2477; baseline 0 -19"><span class='ocrx_word' id='word_1_157' title='bbox 216 2399 344 2474; x_wconf 89' lang='lat' dir='ltr'><strong>milites,</strong></span> <span class='ocrx_word' id='word_1_158' title='bbox 357 2405 395 2459; x_wconf 91' lang='lat' dir='ltr'><strong>ut</strong></span> <span class='ocrx_word' id='word_1_159' title='bbox 408 2399 557 2477; x_wconf 86' lang='lat' dir='ltr'><strong>adaperto</strong></span> <span class='ocrx_word' id='word_1_160' title='bbox 571 2398 716 2458; x_wconf 90' lang='lat' dir='ltr'><strong>cuniculo</strong></span> <span class='ocrx_word' id='word_1_161' title='bbox 730 2405 804 2460; x_wconf 87' lang='lat' dir='ltr'><strong>exta</strong></span> <span class='ocrx_word' id='word_1_162' title='bbox 817 2405 963 2477; x_wconf 86' lang='lat' dir='ltr'><strong>raperent</strong></span> <span class='ocrx_word' id='word_1_163' title='bbox 984 2405 1016 2459; x_wconf 94' lang='lat' dir='ltr'><strong>et</strong></span> <span class='ocrx_word' id='word_1_164' title='bbox 1030 2400 1070 2459; x_wconf 96' lang='grc'><strong>341</strong></span> <span class='ocrx_word' id='word_1_165' title='bbox 1084 2399 1268 2459; x_wconf 89' lang='lat' dir='ltr'><strong>dictatorem</strong></span> 
     </span>
     <span class='ocr_line' id='line_1_21' title="bbox 215 2504 1317 2582; baseline 0.001 -18"><span class='ocrx_word' id='word_1_166' title='bbox 215 2505 344 2564; x_wconf 84' lang='lat' dir='ltr'><strong>ferrent.</strong></span> <span class='ocrx_word' id='word_1_167' title='bbox 388 2504 449 2564; x_wconf 87' lang='lat' dir='ltr'><strong>Sed</strong></span> <span class='ocrx_word' id='word_1_168' title='bbox 470 2504 503 2563; x_wconf 93' lang='lat' dir='ltr'><strong>in</strong></span> <span class='ocrx_word' id='word_1_169' title='bbox 525 2505 617 2565; x_wconf 89' lang='lat' dir='ltr'><strong>rebus</strong></span> <span class='ocrx_word' id='word_1_170' title='bbox 641 2509 706 2564; x_wconf 88' lang='lat' dir='ltr'><strong>tam</strong></span> <span class='ocrx_word' id='word_1_171' title='bbox 728 2504 868 2582; x_wconf 88' lang='lat' dir='ltr'><strong>antiquis</strong></span> <span class='ocrx_word' id='word_1_172' title='bbox 897 2504 924 2564; x_wconf 91' lang='grc'><strong>31</strong></span> <span class='ocrx_word' id='word_1_173' title='bbox 946 2523 1025 2582; x_wconf 91' lang='lat' dir='ltr'><strong>quae</strong></span> <span class='ocrx_word' id='word_1_174' title='bbox 1047 2504 1164 2565; x_wconf 91' lang='lat' dir='ltr'><strong>similia</strong></span> <span class='ocrx_word' id='word_1_175' title='bbox 1185 2505 1268 2565; x_wconf 87' lang='lat' dir='ltr'><strong>veris</strong></span> <span class='ocrx_word' id='word_1_176' title='bbox 1287 2525 1317 2570; x_wconf 80' lang='lat' dir='ltr'><strong>ao</strong></span> 
     </span>
     <span class='ocr_line' id='line_1_22' title="bbox 217 2609 1270 2689; baseline 0 -19"><span class='ocrx_word' id='word_1_177' title='bbox 217 2610 281 2670; x_wconf 91' lang='lat' dir='ltr'><strong>sint</strong></span> <span class='ocrx_word' id='word_1_178' title='bbox 301 2629 359 2689; x_wconf 91' lang='lat' dir='ltr'><strong>pro</strong></span> <span class='ocrx_word' id='word_1_179' title='bbox 379 2610 463 2670; x_wconf 86' lang='lat' dir='ltr'><strong>veris</strong></span> <span class='ocrx_word' id='word_1_180' title='bbox 484 2609 686 2687; x_wconf 86' lang='lat' dir='ltr'><strong>accipiantur,</strong></span> <span class='ocrx_word' id='word_1_181' title='bbox 709 2610 786 2669; x_wconf 89' lang='lat' dir='ltr'><strong>satis</strong></span> <span class='ocrx_word' id='word_1_182' title='bbox 807 2609 956 2685; x_wconf 73' lang='lat' dir='ltr'><strong>habeam,</strong></span> <span class='ocrx_word' id='word_1_183' title='bbox 978 2609 1054 2671; x_wconf 88' lang='lat' dir='ltr'><strong>haec</strong></span> <span class='ocrx_word' id='word_1_184' title='bbox 1075 2610 1115 2669; x_wconf 96' lang='grc'><strong>341</strong></span> <span class='ocrx_word' id='word_1_185' title='bbox 1136 2616 1270 2670; x_wconf 85' lang='lat' dir='ltr'><strong>ostenta·</strong></span> 
     </span>
     <span class='ocr_line' id='line_1_23' title="bbox 215 2714 1268 2792; baseline -0.001 -16"><span class='ocrx_word' id='word_1_186' title='bbox 215 2714 333 2776; x_wconf 88' lang='lat' dir='ltr'><strong>tionem</strong></span> <span class='ocrx_word' id='word_1_187' title='bbox 348 2733 477 2776; x_wconf 86' lang='lat' dir='ltr'><strong>scaenae</strong></span> <span class='ocrx_word' id='word_1_188' title='bbox 492 2715 659 2791; x_wconf 85' lang='lat' dir='ltr'><strong>gaudentis</strong></span> <span class='ocrx_word' id='word_1_189' title='bbox 680 2715 840 2776; x_wconf 85' lang='lat' dir='ltr'><strong>miraculis</strong></span> <span class='ocrx_word' id='word_1_190' title='bbox 855 2714 979 2792; x_wconf 89' lang='lat' dir='ltr'><strong>aptiora</strong></span> <span class='ocrx_word' id='word_1_191' title='bbox 999 2733 1092 2792; x_wconf 90' lang='lat' dir='ltr'><strong>quam</strong></span> <span class='ocrx_word' id='word_1_192' title='bbox 1114 2715 1154 2775; x_wconf 89' lang='lat' dir='ltr'><strong>ad</strong></span> <span class='ocrx_word' id='word_1_193' title='bbox 1174 2715 1268 2775; x_wconf 89' lang='lat' dir='ltr'><strong>fidem</strong></span> 
     </span>
     <span class='ocr_line' id='line_1_24' title="bbox 215 2819 1118 2899; baseline 0 -19"><span class='ocrx_word' id='word_1_194' title='bbox 215 2839 316 2899; x_wconf 91' lang='lat' dir='ltr'><strong>neque</strong></span> <span class='ocrx_word' id='word_1_195' title='bbox 331 2821 496 2881; x_wconf 83' lang='lat' dir='ltr'><strong>adfirmare</strong></span> <span class='ocrx_word' id='word_1_196' title='bbox 511 2839 611 2898; x_wconf 89' lang='lat' dir='ltr'><strong>neque</strong></span> <span class='ocrx_word' id='word_1_197' title='bbox 626 2819 771 2880; x_wconf 86' lang='lat' dir='ltr'><strong>refellere</strong></span> <span class='ocrx_word' id='word_1_198' title='bbox 785 2839 896 2898; x_wconf 89' lang='lat' dir='ltr'><strong>operae</strong></span> <span class='ocrx_word' id='word_1_199' title='bbox 911 2821 1048 2897; x_wconf 88' lang='lat' dir='ltr'><strong>pretium</strong></span> <span class='ocrx_word' id='word_1_200' title='bbox 1063 2826 1118 2880; x_wconf 91' lang='lat' dir='ltr'><strong>est.</strong></span> 
     </span>
    </p>

    <p class='ocr_par' dir='ltr' id='par_1_4' title="bbox 215 2924 1390 3848">
     <span class='ocr_line' id='line_1_25' title="bbox 257 2924 1267 3003; baseline -0.002 -15"><span class='ocrx_word' id='word_1_201' title='bbox 257 2926 427 2988; x_wconf 72' lang='lat' dir='ltr'><strong>cuniculus</strong></span> <span class='ocrx_word' id='word_1_202' title='bbox 442 2926 573 2986; x_wconf 84' lang='lat' dir='ltr'><strong>delectis</strong></span> <span class='ocrx_word' id='word_1_203' title='bbox 594 2924 751 2986; x_wconf 89' lang='lat' dir='ltr'><strong>militibus</strong></span> <span class='ocrx_word' id='word_1_204' title='bbox 771 2943 807 2985; x_wconf 92' lang='lat' dir='ltr'><strong>eo</strong></span> <span class='ocrx_word' id='word_1_205' title='bbox 822 2931 963 3002; x_wconf 89' lang='lat' dir='ltr'><strong>tempore</strong></span> <span class='ocrx_word' id='word_1_206' title='bbox 978 2925 1091 3003; x_wconf 91' lang='lat' dir='ltr'><strong>plenus</strong></span> <span class='ocrx_word' id='word_1_207' title='bbox 1111 2926 1146 2986; x_wconf 93' lang='lat' dir='ltr'><strong>in</strong></span> <span class='ocrx_word' id='word_1_208' title='bbox 1160 2927 1267 2986; x_wconf 90' lang='lat' dir='ltr'><strong>aedem</strong></span> 
     </span>
     <span class='ocr_line' id='line_1_26' title="bbox 216 3031 1390 3110; baseline 0.003 -19"><span class='ocrx_word' id='word_1_209' title='bbox 216 3033 356 3107; x_wconf 90' lang='lat' dir='ltr'><strong>Iunonis,</strong></span> <span class='ocrx_word' id='word_1_210' title='bbox 368 3051 448 3110; x_wconf 93' lang='lat' dir='ltr'><strong>quae</strong></span> <span class='ocrx_word' id='word_1_211' title='bbox 461 3032 496 3091; x_wconf 93' lang='lat' dir='ltr'><strong>in</strong></span> <span class='ocrx_word' id='word_1_212' title='bbox 506 3031 683 3092; x_wconf 86' lang='lat' dir='ltr'><strong>Veientana</strong></span> <span class='ocrx_word' id='word_1_213' title='bbox 693 3050 762 3091; x_wconf 89' lang='lat' dir='ltr'><strong>arce</strong></span> <span class='ocrx_word' id='word_1_214' title='bbox 776 3036 853 3106; x_wconf 88' lang='lat' dir='ltr'><strong>erat,</strong></span> <span class='ocrx_word' id='word_1_215' title='bbox 865 3038 1001 3092; x_wconf 86' lang='lat' dir='ltr'><strong>armatos</strong></span> <span class='ocrx_word' id='word_1_216' title='bbox 1016 3037 1143 3109; x_wconf 91' lang='lat' dir='ltr'><strong>repente</strong></span> <span class='ocrx_word' id='word_1_217' title='bbox 1158 3033 1267 3108; x_wconf 89' lang='lat' dir='ltr'><strong>edidit,</strong></span> <span class='ocrx_word' id='word_1_218' title='bbox 1287 3050 1317 3095; x_wconf 76' lang='lat'><strong>25</strong></span> <span class='ocrx_word' id='word_1_219' title='bbox 1385 3033 1390 3040; x_wconf 83' lang='lat'><em>&#39;</em></span> 
     </span>
     <span class='ocr_line' id='line_1_27' title="bbox 215 3135 1270 3215; baseline 0.001 -18"><span class='ocrx_word' id='word_1_220' title='bbox 215 3143 248 3198; x_wconf 93' lang='lat' dir='ltr'><strong>et</strong></span> <span class='ocrx_word' id='word_1_221' title='bbox 275 3157 348 3215; x_wconf 88' lang='lat' dir='ltr'><strong>pars</strong></span> <span class='ocrx_word' id='word_1_222' title='bbox 375 3155 501 3198; x_wconf 88' lang='lat' dir='ltr'><strong>aversos</strong></span> <span class='ocrx_word' id='word_1_223' title='bbox 528 3137 562 3196; x_wconf 93' lang='lat' dir='ltr'><strong>in</strong></span> <span class='ocrx_word' id='word_1_224' title='bbox 589 3136 688 3206; x_wconf 85' lang='lat' dir='ltr'><strong>muris</strong></span> <span class='ocrx_word' id='word_1_225' title='bbox 712 3135 869 3196; x_wconf 86' lang='lat' dir='ltr'><strong>invadunt</strong></span> <span class='ocrx_word' id='word_1_226' title='bbox 890 3136 1006 3212; x_wconf 89' lang='lat' dir='ltr'><strong>hostes,</strong></span> <span class='ocrx_word' id='word_1_227' title='bbox 1035 3156 1107 3214; x_wconf 90' lang='lat' dir='ltr'><strong>pars</strong></span> <span class='ocrx_word' id='word_1_228' title='bbox 1133 3136 1270 3198; x_wconf 89' lang='lat' dir='ltr'><strong>claustra</strong></span> 
     </span>
     <span class='ocr_line' id='line_1_28' title="bbox 215 3241 1269 3321; baseline 0.001 -19"><span class='ocrx_word' id='word_1_229' title='bbox 215 3249 376 3320; x_wconf 86' lang='lat' dir='ltr'><strong>portarum</strong></span> <span class='ocrx_word' id='word_1_230' title='bbox 397 3243 562 3317; x_wconf 90' lang='lat' dir='ltr'><strong>revellunt,</strong></span> <span class='ocrx_word' id='word_1_231' title='bbox 585 3260 666 3319; x_wconf 91' lang='lat' dir='ltr'><strong>pars,</strong></span> <span class='ocrx_word' id='word_1_232' title='bbox 681 3259 751 3300; x_wconf 89' lang='lat' dir='ltr'><strong>oum</strong></span> <span class='ocrx_word' id='word_1_233' title='bbox 772 3260 811 3300; x_wconf 84' lang='lat' dir='ltr'><strong>ex</strong></span> <span class='ocrx_word' id='word_1_234' title='bbox 832 3241 926 3301; x_wconf 89' lang='lat' dir='ltr'><strong>tectis</strong></span> <span class='ocrx_word' id='word_1_235' title='bbox 948 3261 1024 3302; x_wconf 83' lang='lat' dir='ltr'><strong>saxa</strong></span> <span class='ocrx_word' id='word_1_236' title='bbox 1043 3242 1229 3321; x_wconf 81' lang='lat' dir='ltr'><strong>tegulaeque</strong></span> <span class='ocrx_word' id='word_1_237' title='bbox 1250 3263 1269 3304; x_wconf 88' lang='lat' dir='ltr'><strong>a</strong></span> 
     </span>
     <span class='ocr_line' id='line_1_29' title="bbox 215 3346 1269 3422; baseline 0.002 -16"><span class='ocrx_word' id='word_1_238' title='bbox 215 3348 399 3408; x_wconf 89' lang='lat' dir='ltr'><strong>mulieribus</strong></span> <span class='ocrx_word' id='word_1_239' title='bbox 420 3367 455 3408; x_wconf 87' lang='lat' dir='ltr'><strong>ac</strong></span> <span class='ocrx_word' id='word_1_240' title='bbox 477 3347 615 3408; x_wconf 89' lang='lat' dir='ltr'><strong>servitiis</strong></span> <span class='ocrx_word' id='word_1_241' title='bbox 637 3346 820 3420; x_wconf 86' lang='lat' dir='ltr'><strong>iacerentur,</strong></span> <span class='ocrx_word' id='word_1_242' title='bbox 842 3346 985 3407; x_wconf 86' lang='lat' dir='ltr'><strong>inferunt</strong></span> <span class='ocrx_word' id='word_1_243' title='bbox 1006 3347 1102 3422; x_wconf 89' lang='lat' dir='ltr'><strong>ignes.</strong></span> <span class='ocrx_word' id='word_1_244' title='bbox 1145 3347 1269 3408; x_wconf 83' lang='lat' dir='ltr'><strong>Clamor</strong></span> 
     </span>
     <span class='ocr_line' id='line_1_30' title="bbox 216 3452 1270 3531; baseline 0 -19"><span class='ocrx_word' id='word_1_245' title='bbox 216 3453 321 3513; x_wconf 86' lang='lat' dir='ltr'><strong>omnia</strong></span> <span class='ocrx_word' id='word_1_246' title='bbox 335 3455 430 3514; x_wconf 87' lang='lat' dir='ltr'><strong>variis</strong></span> <span class='ocrx_word' id='word_1_247' title='bbox 444 3453 628 3514; x_wconf 86' lang='lat' dir='ltr'><strong>terrentium</strong></span> <span class='ocrx_word' id='word_1_248' title='bbox 648 3472 684 3513; x_wconf 86' lang='lat' dir='ltr'><strong>ac</strong></span> <span class='ocrx_word' id='word_1_249' title='bbox 705 3453 889 3531; x_wconf 89' lang='lat' dir='ltr'><strong>paventium</strong></span> <span class='ocrx_word' id='word_1_250' title='bbox 911 3453 1039 3513; x_wconf 81' lang='lat' dir='ltr'><strong>vocibus</strong></span> <span class='ocrx_word' id='word_1_251' title='bbox 1060 3452 1160 3512; x_wconf 87' lang='lat' dir='ltr'><strong>mixto</strong></span> <span class='ocrx_word' id='word_1_252' title='bbox 1180 3453 1270 3513; x_wconf 91' lang='lat' dir='ltr'><strong>muli-</strong></span> 
     </span>
     <span class='ocr_line' id='line_1_31' title="bbox 215 3558 1318 3638; baseline 0.004 -18"><span class='ocrx_word' id='word_1_253' title='bbox 215 3579 303 3620; x_wconf 91' lang='lat' dir='ltr'><strong>erum</strong></span> <span class='ocrx_word' id='word_1_254' title='bbox 329 3579 365 3620; x_wconf 90' lang='lat' dir='ltr'><strong>ac</strong></span> <span class='ocrx_word' id='word_1_255' title='bbox 390 3579 556 3638; x_wconf 87' lang='lat' dir='ltr'><strong>puerorum</strong></span> <span class='ocrx_word' id='word_1_256' title='bbox 581 3559 707 3637; x_wconf 91' lang='lat' dir='ltr'><strong>ploratu</strong></span> <span class='ocrx_word' id='word_1_257' title='bbox 732 3558 876 3637; x_wconf 91' lang='lat' dir='ltr'><strong>complet.</strong></span> <span class='ocrx_word' id='word_1_258' title='bbox 933 3559 1095 3620; x_wconf 85' lang='lat' dir='ltr'><strong>Mo&#39;mento</strong></span> <span class='ocrx_word' id='word_1_259' title='bbox 1118 3560 1268 3637; x_wconf 89' lang='lat' dir='ltr'><strong>temporis</strong></span> <span class='ocrx_word' id='word_1_260' title='bbox 1288 3579 1318 3624; x_wconf 84' lang='grc' dir='ltr'><strong>3ο</strong></span> 
     </span>
     <span class='ocr_line' id='line_1_32' title="bbox 215 3665 1269 3744; baseline -0.001 -20"><span class='ocrx_word' id='word_1_261' title='bbox 215 3665 346 3726; x_wconf 85' lang='lat' dir='ltr'><strong>deiectis</strong></span> <span class='ocrx_word' id='word_1_262' title='bbox 361 3685 399 3726; x_wconf 86' lang='lat' dir='ltr'><strong>ex</strong></span> <span class='ocrx_word' id='word_1_263' title='bbox 414 3685 502 3726; x_wconf 91' lang='lat' dir='ltr'><strong>muro</strong></span> <span class='ocrx_word' id='word_1_264' title='bbox 517 3665 655 3744; x_wconf 90' lang='lat' dir='ltr'><strong>undique</strong></span> <span class='ocrx_word' id='word_1_265' title='bbox 673 3665 802 3725; x_wconf 89' lang='lat' dir='ltr'><strong>armatis</strong></span> <span class='ocrx_word' id='word_1_266' title='bbox 824 3665 1055 3743; x_wconf 86' lang='lat' dir='ltr'><strong>patefactisque</strong></span> <span class='ocrx_word' id='word_1_267' title='bbox 1077 3665 1177 3743; x_wconf 91' lang='lat' dir='ltr'><strong>portis</strong></span> <span class='ocrx_word' id='word_1_268' title='bbox 1198 3684 1269 3724; x_wconf 89' lang='lat' dir='ltr'><strong>oum</strong></span> 
     </span>
     <span class='ocr_line' id='line_1_33' title="bbox 215 3769 1269 3848; baseline 0 -16"><span class='ocrx_word' id='word_1_269' title='bbox 215 3770 271 3832; x_wconf 91' lang='lat' dir='ltr'><strong>alii</strong></span> <span class='ocrx_word' id='word_1_270' title='bbox 287 3769 412 3848; x_wconf 86' lang='lat' dir='ltr'><strong>agmine</strong></span> <span class='ocrx_word' id='word_1_271' title='bbox 433 3769 603 3847; x_wconf 90' lang='lat' dir='ltr'><strong>inruerent,</strong></span> <span class='ocrx_word' id='word_1_272' title='bbox 619 3769 674 3830; x_wconf 88' lang='lat' dir='ltr'><strong>alii</strong></span> <span class='ocrx_word' id='word_1_273' title='bbox 696 3770 837 3832; x_wconf 90' lang='lat' dir='ltr'><strong>desertos</strong></span> <span class='ocrx_word' id='word_1_274' title='bbox 860 3769 1045 3832; x_wconf 87' lang='lat' dir='ltr'><strong>scanderent</strong></span> <span class='ocrx_word' id='word_1_275' title='bbox 1065 3789 1179 3846; x_wconf 89' lang='lat' dir='ltr'><strong>muros,</strong></span> <span class='ocrx_word' id='word_1_276' title='bbox 1194 3771 1269 3832; x_wconf 91' lang='lat' dir='ltr'><strong>urbs</strong></span> 
     </span>
    </p>
   </div>
   <div class='ocr_carea' id='block_1_3' title="bbox 0 0 1526 4278">
    <p class='ocr_par' dir='ltr' id='par_1_5' title="bbox 0 0 1526 4278">
     <span class='ocr_line' id='line_1_34' title="bbox 0 0 1526 4278; baseline 0 0"><span class='ocrx_word' id='word_1_277' title='bbox 0 0 1526 4278; x_wconf 95' lang='lat' dir='ltr'><strong> </strong></span> 
     </span>
    </p>
   </div>
  </div>
 </body>
</html>
