3038 4278
286 280 308 346 4
615 293 740 350 LATIN
765 292 1014 349 subterioris

283 465 400 525 amissa
410 469 466 524 est.
509 465 609 524 Erant
618 463 650 524 in
662 466 804 525 Romana
815 464 977 524 iuventute
989 465 1204 526 adulescentes
1215 465 1337 545 aliquot

282 589 339 630 nec
353 570 387 629 hi
401 569 490 628 tenui
505 569 573 629 loco
587 571 657 643 orti,
670 588 803 646 quorum
818 570 850 628 in
861 588 957 646 regno
970 568 1070 631 libido
1082 571 1213 636 solutior
1221 571 1334 647 fuerat,

282 675 429 753 aequales
452 674 636 753 sodalesque
661 675 910 735 adulescentium
936 675 1189 754 Tarquiniorum,
1211 677 1334 738 adsueti

282 800 367 842 more
388 780 474 858 regio
487 780 602 841 vivere.
645 781 725 841 Earn
747 786 815 840 tum
836 787 969 859 aequato
994 781 1061 840 iure
1082 782 1221 841 omnium
1242 782 1335 843 licen·

248 897 263 942 t
282 887 359 946 tiam
383 892 569 964 quaerentes
590 887 768 948 libertatem
795 887 928 946 aliorum
953 886 986 946 in
1012 905 1100 948 suam
1119 886 1252 949 vertisse
1275 907 1335 948 ser-

282 992 417 1053 vitutem
439 993 521 1053 inter
543 1012 576 1054 se
598 993 884 1072 conquerebantur:
911 1011 1014 1070 regem
1036 993 1194 1054 hominem
1217 1013 1293 1068 csse,
1316 1013 1335 1053 a

236 1115 245 1130 ‘
282 1117 344 1176 quo
371 1098 519 1176 inpetres,
546 1099 600 1158 ubi
621 1098 681 1175 ius,
705 1099 760 1159 ubi
784 1098 900 1159 iniuria
927 1118 1005 1177 opus
1031 1099 1093 1175 sit;
1122 1117 1190 1160 esse
1216 1099 1333 1175 gratiae

281 1203 393 1279 locum,
421 1222 489 1264 esse
517 1204 680 1264 beneficio:
706 1210 739 1264 et
763 1204 856 1264 irasci
884 1210 916 1263 et
944 1204 1102 1280 ignoscere
1126 1222 1226 1282 posse,
1252 1203 1334 1264 inter

281 1309 416 1368 amicum
438 1314 532 1386 atquc
553 1308 715 1369 inimicum
737 1309 905 1368 discrimen
926 1327 1026 1369 nosse.
1070 1310 1169 1384 Leges
1191 1327 1253 1368 rem
1271 1328 1334 1369 sur-

234 1414 362 1488 rodam,
392 1413 616 1474 inexorabilem
650 1432 727 1488 esse,
756 1414 959 1475 salubriorem
993 1413 1214 1491 melioremque
1245 1412 1333 1492 inopi

280 1537 373 1596 quam
389 1520 521 1597 potenti,
537 1519 618 1578 nihil
632 1518 805 1579 laxamenti
824 1538 881 1578 nec
895 1519 1005 1580 veniae
1024 1519 1146 1594 habere,
1162 1519 1189 1580 si
1207 1519 1333 1579 modurn

280 1624 469 1701 excesseris;
492 1625 700 1703 periculosum
719 1643 786 1685 esse
802 1625 835 1683 in
854 1630 903 1684 tot
922 1624 1067 1685 humanis
1089 1624 1244 1685 erroribus
1267 1623 1340 1684 sola·

280 1730 462 1790 innocentia
475 1729 589 1790 vivere.
634 1731 685 1789 Ita
702 1729 763 1789 iam
780 1749 837 1790 sua
857 1736 967 1807 sponte
982 1730 1084 1806 aegris
1102 1723 1225 1790 animis
1236 1729 1333 1805 legati

280 1835 319 1894 ab
334 1835 458 1911 regibus
474 1835 700 1912 superveniunt
716 1835 783 1894 sine
802 1835 960 1895 mentione
975 1836 1095 1896 reditus
1113 1836 1195 1895 bona
1208 1840 1332 1895 tantum

233 1959 261 2003 15
280 1946 466 2018 repetentes.
509 1942 624 2000 Eorum
640 1940 735 2000 verba
756 1946 920 2018 postquam
943 1941 975 1999 in
994 1947 1104 2002 senatu
1123 1941 1232 2000 audita
1249 1945 1331 2013 sunt,

279 2065 336 2124 per
357 2045 479 2122 aliquot
499 2046 567 2106 dies
589 2063 626 2106 ea
646 2046 836 2106 consultatio
854 2046 967 2122 tenuit,
982 2065 1021 2106 ne
1040 2066 1102 2106 non
1119 2045 1243 2106 reddita
1256 2044 1333 2105 belli

280 2169 381 2224 causa,
392 2150 516 2210 reddita
530 2149 605 2210 belli
620 2151 752 2210 materia
767 2157 798 2210 et
813 2151 1025 2211 adiumentum
1042 2156 1155 2212 essent.
1199 2150 1330 2210 Interim

279 2256 376 2332 legati
400 2256 488 2336 [alii]
509 2255 573 2315 alia
592 2256 704 2331 moliri,
720 2262 827 2334 aperte
848 2257 930 2316 bona
950 2262 1127 2334 repetentes
1148 2256 1229 2316 clam
1250 2275 1333 2316 recu-

280 2361 410 2439 perandi
426 2360 513 2437 regni
535 2361 668 2420 consilia
689 2366 825 2437 struere3
847 2367 880 2421 et
893 2367 1051 2438 tamquam
1068 2362 1108 2421 ad
1126 2361 1167 2436 id,
1183 2361 1267 2439 quod
1281 2361 1332 2437 agi

230 2484 260 2529 ac
279 2467 452 2540 videbatur,
475 2466 650 2526 ambientes
672 2465 825 2526 nobilium
853 2466 1099 2527 adulescentium
1119 2467 1239 2526 animos
1267 2486 1332 2544 per-

279 2577 444 2648 temptant.
488 2571 518 2629 A
539 2571 653 2648 quibus
675 2570 796 2648 placide
818 2572 916 2632 oratio
937 2578 1065 2650 accepta
1081 2577 1138 2646 est,
1153 2571 1194 2632 iis
1208 2572 1331 2632 litteras

280 2677 319 2737 ab
347 2675 530 2754 Tarquiniis
557 2677 702 2752 reddunt,
731 2681 764 2736 et
791 2677 830 2736 de
857 2676 1048 2755 accipiendis
1076 2677 1153 2736 clam
1183 2682 1275 2738 nocte
1298 2677 1331 2736 in

279 2783 386 2842 urbem
408 2781 532 2858 regibus
554 2781 793 2860 conloquuntur.

319 2887 460 2948 Vitelliis
490 2886 690 2964 Aquiliisque
712 2886 863 2947 fratribus
887 2887 988 2964 primo
1012 2886 1179 2947 commissa
1200 2905 1249 2948 res
1274 2893 1330 2948 est.

231 3009 260 3054 25
279 2992 478 3055 Vitelliorum
510 3001 595 3052 soro'r
629 2992 751 3052 consuli
780 2997 881 3069 nupta
909 2996 1005 3053 Bruto
1036 2998 1112 3067 erat,
1140 2992 1265 3069 iamque
1293 3011 1332 3052 ex

279 3118 316 3158 eo
343 3096 544 3158 matrimonio
572 3097 786 3157 adulescentes
814 3104 904 3157 erant
931 3097 1032 3174 liberi,
1057 3098 1149 3157 Titus
1176 3097 1333 3158 Tiberius·

279 3223 348 3282 que.
402 3203 465 3262 Eos
492 3221 616 3280 quoque
644 3201 678 3260 in
707 3203 888 3262 societatem
916 3202 1039 3263 consilii
1067 3203 1215 3262 avunculi
1242 3203 1333 3262 adsu-

279 3316 378 3367 munt.
422 3309 588 3380 Praeterea
610 3308 731 3385 aliquot
754 3308 876 3383 nobiles
901 3308 1117 3368 adulescentes
1141 3308 1257 3368 conscii
1282 3308 1333 3367 ad·

279 3413 407 3492 sumpti,
437 3432 568 3491 quorum
597 3418 755 3473 vetustate
788 3413 937 3472 memoria
964 3413 1051 3474 abiit.
1101 3413 1235 3472 Interim
1261 3432 1330 3472 cum

230 3533 259 3579 30
278 3519 312 3578 in
334 3524 445 3580 senatu
463 3518 593 3578 vicisset
615 3519 779 3592 sententia,
795 3538 874 3596 quae
895 3521 1042 3580 censebat
1063 3520 1222 3580 reddenda
1242 3519 1331 3593 bona,

279 3644 409 3703 eamque
430 3625 531 3704 ipsam
547 3642 672 3684 causam
695 3643 798 3685 morae
812 3625 846 3684 in
868 3625 943 3686 urbe
957 3625 1108 3686 haberent
1126 3624 1233 3702 legati,
1249 3625 1333 3701 quod

279 3731 418 3810 spatium
446 3731 486 3791 ad
521 3729 664 3790 vehicula
691 3731 890 3810 conparanda
921 3749 940 3791 a
973 3730 1153 3792 consulibus
1186 3729 1333 3810 sumpsis
