3038 4278
265 293 310 362 32
588 307 712 364 nArru
738 308 987 366 sunncrrous

265 477 421 538 Collinam
442 497 542 556 usque
563 479 603 538 ed
622 479 771 540 Herculis
790 480 944 559 ternplum
961 487 1010 542 est
1028 479 1195 560 progessus
1212 488 1318 561 atque,

264 584 348 644 unde
370 583 511 662 proxime
533 591 666 662 poterat,
689 586 812 645 moenia
836 585 994 664 situmque
1019 587 1105 648 urbis
1130 589 1318 666 obequitans

264 690 543 768 contemplabatur.
586 691 626 750 Id
647 709 718 750 eum
739 697 802 751 tam
825 691 956 752 licenter
977 699 1073 770 atque
1094 693 1193 754 otiose
1214 695 1318 754 facere

264 794 376 854 Flacco
401 795 565 872 indignum
585 795 690 856 visum
711 803 775 873 est3
808 796 915 876 itaque
940 797 1073 858 immisit
1094 799 1215 876 equites
1237 819 1319 860 sum-

230 908 245 952 t
264 900 445 977 moverique
464 907 559 978 atque
578 901 612 961 in
631 907 735 962 castra
751 901 853 978 redigi
868 903 1007 962 hostium
1022 904 1198 982 equitatum
1213 903 1316 965 iussit.

264 1006 342 1066 Cum
360 1006 561 1066 commissum
576 1006 729 1084 proelium
744 1015 835 1082 esset,
851 1007 995 1069 consules
1009 1010 1191 1085 transfugas
1207 1011 1239 1070 N
1241 1011 1319 1070 nmi-

264 1112 384 1187 darum,
408 1112 464 1190 qui
489 1118 557 1171 tum
580 1113 614 1171 in
639 1113 800 1172 Aventino
824 1113 864 1173 ad
893 1113 980 1174 mille
1008 1121 1040 1174 et
1064 1115 1193 1175 ducenti
1218 1122 1317 1191 erant,

264 1219 368 1280 media
395 1220 472 1279 urbe
499 1220 634 1279 transire
661 1219 823 1298 Esquilias
850 1221 1020 1297 iusserunt,
1046 1222 1150 1283 nullos
1179 1223 1318 1300 aptiores

263 1325 346 1384 iuter
367 1324 524 1384 convalles
545 1331 690 1402 tectaque
708 1325 868 1408 hortorum
890 1333 922 1386 et
938 1326 1082 1404 sepulcra
1100 1333 1132 1386 et
1151 1347 1244 1388 cavas
1263 1348 1319 1387 un-

216 1437 245 1482 10
263 1430 358 1507 dique
373 1429 441 1490 vias
460 1430 500 1490 ad
517 1430 721 1507 pugnandum
735 1431 859 1491 futuros
879 1433 949 1490 rati.
991 1432 1075 1503 Quos
1096 1451 1166 1492 eum
1187 1452 1226 1492 ex
1247 1451 1317 1492 arce

264 1533 482 1612 Capitolioque
503 1534 585 1595 clivo
612 1535 756 1595 Publicio
784 1536 817 1594 in
845 1537 934 1615 equis
964 1537 1159 1597 decurrentis
1188 1537 1317 1615 quidam

263 1639 427 1716 vidissent,
444 1645 570 1718 captum
585 1640 779 1700 Aventinum
795 1641 1077 1703 conclamaverunt.
1119 1643 1167 1702 Ea
1183 1661 1234 1702 res
1251 1649 1318 1702 tan-

263 1752 331 1805 tum
355 1745 527 1806 tumultum
552 1765 588 1805 ac
610 1746 718 1822 fugam
742 1747 887 1824 praebuit
911 1753 956 1822 ut,
982 1747 1045 1808 nisi
1070 1753 1173 1808 castra
1196 1748 1318 1808 Punica

263 1857 353 1912 extra
373 1851 483 1911 urbem
504 1851 648 1926 fuissent,
672 1851 810 1912 effusura
831 1871 865 1912 se
886 1853 988 1912 omnis
1009 1853 1125 1930 pavida
1146 1852 1317 1913 multitudo

214 1970 243 2015 lt
263 1957 377 2033 fuerit3
399 1962 475 2017 tunc
491 1956 525 2015 in
543 1957 651 2016 domos
669 1962 762 2034 atque
782 1957 815 2016 in
835 1963 920 2016 tecta
938 1957 1137 2033 refugiebant
1159 1975 1318 2035 vagosque

263 2062 296 2121 in
318 2061 379 2122 viis
403 2081 475 2122 suos
498 2081 558 2138 pro
582 2061 727 2121 hostibus
756 2061 915 2139 lapidibus
943 2062 1079 2139 telisque
1107 2063 1315 2123 incessebant.

262 2167 330 2226 Neo
354 2167 519 2245 comprimi
542 2166 700 2226 tumultus
725 2167 904 2244 aperirique
932 2185 1019 2227 error
1044 2173 1168 2245 poterat
1190 2168 1316 2229 refertis

262 2272 429 2332 itineribus
461 2271 632 2348 agrestium
665 2273 758 2332 turba
788 2290 996 2351 pecorumque
1025 2291 1106 2350 quae
1133 2273 1317 2351 repentinus

262 2396 359 2455 pavor
375 2377 410 2437 in
424 2379 532 2438 urbem
552 2377 754 2456 compulerat.
796 2379 951 2454 Equestre
971 2378 1123 2456 proelium
1145 2378 1314 2437 seeundum

213 2493 242 2538 20
261 2483 334 2558 fuit,
350 2483 560 2560 summotique
574 2483 680 2543 hostes
695 2463 777 2543 sunt.
820 2483 863 2542 Et
878 2482 952 2561 quia
966 2483 1077 2543 multis
1092 2482 1169 2542 locis
1184 2483 1317 2560 compri-

261 2588 367 2647 mendi
381 2587 536 2647 tumultus
550 2594 639 2647 erant
654 2588 708 2665 qui
726 2593 842 2648 temere
861 2589 1051 2663 oriebantur,
1066 2586 1186 2665 placuit
1207 2607 1316 2648 omnes

261 2692 317 2770 qni
344 2693 525 2768 dictatores,
546 2693 689 2753 eonsules
718 2711 901 2754 censoresve
925 2693 1062 2753 fuissent
1085 2712 1156 2752 cum
1182 2693 1316 2770 imperio

261 2817 338 2874 esse,
354 2799 450 2858 donee
472 2798 653 2858 recessisset
674 2817 693 2858 a
713 2798 812 2858 muris
833 2799 943 2860 hostis.
987 2799 1029 2858 Et
1050 2797 1113 2859 diei
1135 2797 1219 2876 quod
1244 2798 1316 2858 reli-

260 2923 358 2980 quum
369 2904 432 2963 fnit
446 2910 479 2964 et
493 2910 583 2963 nocte
594 2903 775 2980 insequenti
785 2903 878 2964 multi
889 2910 1006 2964 temere
1017 2903 1147 2963 excitati
1157 2895 1314 2964 tumultira

210 3019 240 3065 25
260 3014 335 3069 sunt
349 3008 588 3087 compressique.

299 3115 430 3174 Postero
458 3114 509 3173 die
537 3120 750 3191 transgressus
778 3114 935 3174 Anienem
963 3113 1124 3174 Hannibal
1152 3113 1185 3173 in
1214 3113 1313 3174 aciem

260 3220 361 3281 omnis
389 3220 495 3297 copias
523 3220 650 3297 eduxit3
686 3239 743 3280 neo
768 3219 899 3280 Flaccus
925 3219 1130 3298 consulesque
1155 3225 1313 3280 certamen

259 3325 480 3386 detrectavere.
517 3326 687 3386 Instructis
699 3325 857 3403 utrimque
867 3325 1055 3385 exercitibus
1067 3325 1099 3384 in
1109 3325 1178 3384 eius
1189 3343 1312 3403 pugnae

258 3449 365 3490 casum
387 3431 419 3490 in
439 3450 501 3509 qua
519 3431 594 3490 urbs
612 3432 714 3491 Roma
729 3431 840 3490 victori
859 3429 1031 3508 praemium
1047 3436 1138 3505 esset,
1154 3430 1254 3490 imber
1268 3429 1313 3489 in-

209 3556 239 3602 30
259 3555 335 3612 gens
356 3537 507 3613 grandine
528 3537 647 3596 mixtus
668 3537 715 3596 ita
735 3543 902 3614 utramque
923 3535 1021 3596 aciem
1043 3535 1184 3596 turbavit
1202 3539 1239 3594 ut
1257 3533 1313 3594 vix

258 3641 353 3702 armis
374 3641 507 3702 retentis
529 3641 563 3701 in
583 3647 687 3702 castra
707 3659 775 3700 sese
795 3640 971 3719 receperint
989 3640 1108 3700 nullius
1128 3639 1174 3700 rei
1192 3638 1313 3700 minore

258 3765 350 3825 quam
373 3747 512 3807 hostium
533 3752 627 3806 metu.
670 3747 713 3806 lit
733 3751 859 3824 postero
879 3745 931 3805 die
953 3746 1060 3805 eodem
1079 3745 1148 3805 loco
1167 3743 1251 3804 acies
1268 3744 1313 3803 in-
