3038 4278
271 280 317 350 28
592 289 718 346 nemu
742 288 991 346 suLECTIONs

310 463 400 542 Haeo
418 461 488 523 sine
506 461 602 524 ullius
622 463 757 523 adsensu
775 461 945 523 cavillante
961 461 1068 540 Appio
1087 466 1105 499 “
1113 462 1165 522 En
1172 463 1192 496 '’
1206 461 1320 541 inquit,

272 568 446 643 “Quiritcs,
465 567 553 628 illius
577 568 665 646 Appi
687 567 861 646 progenies,
886 567 941 645 qui
964 568 1122 628 decemvir
1145 568 1180 628 in
1204 587 1323 629 annum

271 680 393 734 creatus
412 673 513 734 altero
533 692 614 733 anno
632 691 665 735 se
683 673 751 752 ipse
770 673 897 748 creavit,
914 673 1009 734 tertio
1028 693 1084 734 nec
1101 674 1142 735 ab
1158 693 1192 735 se
1207 674 1322 735 neceb

271 779 338 840 ullo
356 785 478 840 creatus
498 779 641 857 privatus
659 778 761 840 fasces
780 785 812 838 et
831 777 997 856 imperium
1017 779 1155 840 obtinuit
1174 799 1231 840 neo
1248 786 1323 840 anto

236 893 251 937 ὅ
270 884 482 946 continuando
501 883 630 972 abstitit
646 884 833 961 magistratu
852 903 946 961 quam
965 884 1131 946 obruerent
1150 903 1221 944 eum
1239 885 1323 946 male

270 995 369 1069 parta,
389 990 470 1052 male
491 995 588 1067 gesta,
606 987 688 1050 male
708 994 831 1049 retenta
851 989 991 1068 imperia
1034 989 1122 1050 Haeo
1143 996 1193 1050 est
1213 991 1322 1050 eadem

212 1128 215 1135 ·
270 1095 402 1170 familia,
425 1095 571 1170 Quirites,
591 1094 681 1154 cuius
702 1094 735 1153 vi
756 1100 850 1172 atque
871 1094 997 1154 iniuriis
1017 1095 1162 1173 conpulsi
1183 1102 1322 1157 extorres

270 1200 374 1278 patria
396 1201 525 1260 Sacrum
547 1205 683 1261 montem
705 1199 851 1278 cepistis3
874 1199 959 1276 haec,
980 1200 1132 1260 adversus
1153 1219 1248 1278 quam
1268 1201 1322 1261 tri-

270 1308 430 1369 bunicium
452 1307 605 1368 auxilium
628 1307 717 1368 vobis
738 1308 948 1385 conparastis;
970 1307 1056 1382 haec,
1078 1314 1321 1386 propterquam

222 1422 251 1467 ιο
270 1414 333 1474 duo
354 1413 511 1474 exercitus
531 1413 724 1473 Aventinum
750 1412 930 1489 insedistis3
952 1414 1038 1489 haec,
1057 1433 1137 1491 quae
1157 1414 1322 1475 faenebres

269 1518 365 1595 leges,
375 1519 461 1593 haec,
473 1537 552 1596 quae
566 1519 703 1594 agrarias
718 1537 841 1596 semper
851 1517 1047 1597 impugnavit.
1090 1519 1178 1579 Haeo
1190 1519 1323 1580 conubia

270 1630 396 1702 patrum
418 1629 450 1684 et
469 1623 571 1702 plebis
593 1623 781 1701 interrupit;
803 1623 879 1684 haec
899 1624 984 1702 plebi
1006 1625 1046 1684 ad
1067 1624 1189 1684 curules
1211 1625 1323 1700 magis·

268 1736 370 1790 tratus
389 1730 450 1789 iter
468 1729 636 1806 obsaepsit.
679 1729 749 1789 Hoc
767 1735 815 1789 est
834 1747 946 1788 nomen
963 1728 1064 1789 multo
1082 1748 1176 1807 quarn
1192 1731 1323 1807 Tarqui-

269 1836 393 1895 niorum
425 1834 574 1894 infestius
609 1840 732 1894 vestrae
763 1833 913 1894 libertati.
956 1834 1048 1894 Itane
1084 1835 1221 1910 tandem,
1255 1836 1318 1913 Ap.

221 1953 249 1998 rt
269 1939 408 2000 Claudi?
450 1940 527 1999 Cum
545 1939 733 1999 centesimus
752 1939 815 1999 iam
834 1958 935 1999 annus
953 1939 995 1999 sit
1012 1940 1051 2000 ab
1070 1941 1165 2000 Mam.
1184 1940 1323 2000 Aemilio

269 2045 430 2121 dictatore,
442 2049 489 2104 tot
503 2059 646 2104 censores
660 2044 789 2120 fuerint,
799 2044 990 2104 nobilissimi
1004 2044 1233 2122 fortissimique
1247 2045 1321 2122 viri,

164 2200 166 2204 .
268 2129 360 2210 nemo
387 2169 490 2209 eorum
517 2149 681 2208 duodecim
703 2149 826 2209 tabulas
848 2148 952 2224 legit?
993 2149 1095 2209 Nemo
1115 2150 1149 2209 id
1172 2150 1221 2210 ius
1241 2169 1321 2227 esse,

268 2255 352 2333 quod
368 2260 525 2333 postremo
540 2253 675 2332 populus
692 2255 844 2328 iussisset,
860 2255 958 2314 sciit?
1000 2255 1102 2314 Immo
1118 2273 1192 2314 vero
1212 2274 1321 2317 omnes

269 2359 408 2420 scierunt
428 2366 461 2420 et
480 2359 551 2418 ideo
572 2358 726 2418 Aemiliae
747 2359 853 2437 potius
874 2358 938 2436 legi
958 2365 1130 2438 paruerunt
1151 2379 1246 2437 quam
1270 2360 1322 2419 illi

218 2478 248 2524 ao
268 2465 417 2542 antiquae
432 2483 495 2542 qua
504 2464 640 2542 primum
660 2482 802 2524 censores
819 2465 917 2524 creati
934 2471 1033 2540 erant,
1048 2464 1123 2541 quia
1139 2464 1220 2524 hano
1237 2471 1322 2543 post-

267 2589 384 2630 remam
406 2570 541 2630 iusserat
559 2568 694 2646 populus
715 2574 747 2628 et
766 2569 849 2645 quia,
868 2569 922 2630 ubi
941 2570 1022 2630 duae
1042 2569 1215 2630 contrariae
1234 2569 1321 2646 leges

268 2681 352 2751 sunt,
371 2693 494 2753 semper
513 2674 661 2752 antiquae
680 2673 808 2750 obrogat
830 2677 917 2734 nova.
960 2676 1012 2734 An
1031 2674 1090 2734 hoo
1112 2674 1201 2750 diois,
1222 2675 1320 2753 Appi,

267 2799 331 2841 non
350 2781 452 2840 teneri
473 2779 612 2841 Aemilia
632 2778 701 2856 lege
721 2779 899 2858 populum?
921 2798 963 2840 an
984 2779 1134 2858 populum
1156 2779 1265 2855 tenori,
1288 2785 1321 2840 te

267 2905 364 2945 unum
394 2885 534 2961 exlegem
557 2886 651 2945 esse?
693 2885 809 2944 Tenuit
831 2883 969 2945 Aemilia
990 2884 1042 2944 lex
1063 2884 1219 2946 violentos
1247 2885 1321 2946 illos

218 3002 247 3047 ao
267 3009 410 3052 censores
428 2991 460 3050 (l.
479 2990 607 3050 Furium
628 2995 660 3050 et
678 2991 721 3049 M.
746 2990 930 3066 Geganium,
954 2990 1008 3067 qui
1031 2989 1188 3067 quidiste
1209 2991 1321 3066 magis·

267 3101 369 3156 tratus
386 3095 470 3154 inre
487 3095 613 3173 publica
631 3095 707 3154 mali
726 3095 829 3155 facere
848 3101 955 3172 posset
976 3095 1164 3171 indicarunt,
1184 3114 1254 3155 cum
1272 3096 1321 3155 ira

267 3200 375 3260 finitae
397 3200 564 3279 potestatis
587 3202 682 3261 Mam.
706 3199 888 3276 Aemilium,
911 3199 1086 3279 principem
1109 3201 1222 3261 aetatis
1245 3219 1319 3262 suae

266 3304 342 3365 belli
367 3305 523 3382 domique,
548 3305 703 3365 aerarium
727 3306 888 3380 fecerunt3
911 3305 1013 3365 tenuit
1037 3305 1184 3383 deinceps
1212 3324 1319 3366 omnes

266 3429 410 3470 censores
424 3411 509 3471 intra
523 3418 648 3471 centum
659 3431 810 3472 annorum
824 3411 977 3489 spatium3
998 3417 1088 3471 tenet
1102 3412 1136 3472 O.
1148 3411 1319 3487 Plautium,

217 3525 247 3571 30
267 3515 419 3592 collegam
436 3521 536 3591 tuum,
557 3517 668 3576 iisdem
688 3517 846 3595 auspiciis,
864 3517 972 3576 eodem
992 3517 1059 3576 iure
1078 3521 1225 3576 creatum.
1267 3517 1321 3575 An

266 3622 350 3681 huno
368 3641 439 3697 non,
453 3627 490 3681 ut
507 3621 562 3699 qui
580 3621 699 3700 optimo
714 3623 782 3682 iure
801 3641 910 3682 censor
930 3628 1053 3683 oreatus
1072 3628 1165 3698 esset,
1183 3621 1320 3699 populus

266 3726 411 3788 creavit?
452 3728 502 3787 Tu
521 3746 603 3787 unus
622 3727 757 3788 eximius
776 3746 819 3803 es,
836 3727 869 3786 in
894 3745 956 3804 quo
980 3726 1039 3788 hoo
1060 3727 1263 3806 praecipuum
1284 3746 1320 3788 ac
