3058 4284
258 291 324 359 142
585 303 710 360 LATIN
734 303 984 362 SELEGTIONS

753 506 794 570 2³

395 667 466 731 Ser.
486 668 655 731 Luceriae
672 668 775 730 xm
787 668 832 730 K.
851 667 961 731 Mart.
982 668 1057 736 705
1079 667 1167 748 (49).

405 813 453 870 Cn.
473 812 600 884 Magnus
618 813 731 869 Procas.
750 812 780 869 S.
799 813 832 867 D.
851 813 881 869 L.
900 813 1029 870 Domitio
1047 815 1162 872 Ρτοοοο.

296 951 435 1011 Litterae
450 949 529 1010 mihi
544 969 563 1010 a
576 957 608 1012 ta
622 949 763 1010 redditae
779 956 853 1011 sunt
867 969 893 1011 a.
909 951 938 1010 d.
957 951 1055 1011 XIII.
1077 951 1151 1012 Kal.
1173 952 1308 1013 Martias

256 1056 287 1116 in
304 1055 417 1134 quibus
440 1055 550 1116 scribis
565 1055 729 1116 Caesarem
744 1056 829 1134 apud
844 1055 1016 1117 Corfinium
1032 1062 1136 1117 castra
1154 1058 1306 1135 posuisse.

255 1161 345 1232 Quod
360 1160 470 1238 putavi
489 1165 521 1219 et
537 1159 720 1238 praemonui
741 1159 785 1235 fit,
799 1166 836 1221 ut
852 1161 958 1220 necin
977 1161 1157 1239 praesentia
1170 1163 1310 1222 commit

255 1273 321 1326 tere
336 1272 440 1326 tecum
455 1264 607 1343 proelium
619 1264 697 1325 velit
711 1270 743 1325 et
758 1265 902 1326 omnibus
915 1265 1014 1344 copiis
1029 1267 1193 1328 conductis
1207 1272 1239 1327 te
1253 1267 1309 1326 im-

221 1393 236 1438 5
256 1370 352 1450 plicet
369 1390 407 1431 ne
427 1371 467 1430 ad
488 1389 538 1430 me
557 1370 618 1430 iter
638 1369 698 1431 tibi
719 1371 902 1448 expeditum
923 1370 966 1431 sit
988 1376 1082 1448 atque
1102 1371 1181 1432 istas
1202 1372 1308 1450 copias

256 1475 443 1550 coniungere
458 1475 646 1552 optimorum
661 1473 779 1534 civium
798 1475 900 1554 possis
919 1493 988 1536 cum
1006 1474 1056 1536 bis
1074 1475 1249 1553 legionibus
1269 1477 1309 1536 de

257 1600 387 1660 quarum
399 1580 562 1640 voluntate
574 1579 764 1640 dubitamus.
806 1579 874 1652 Quo
889 1580 983 1640 etiam
998 1581 1098 1656 magis
1112 1580 1177 1641 tuis
1191 1581 1308 1643 littaris

258 1705 327 1746 sum
346 1691 529 1746 commotus.
570 1686 681 1763 Neque
699 1685 784 1744 enim
803 1703 910 1745 eorum
930 1685 1068 1746 militum
1089 1705 1167 1765 quos
1188 1705 1308 1747 mecum

256 1792 365 1867 habeo,
386 1791 549 1851 voluntate
574 1791 650 1851 satis
673 1790 794 1851 confido
816 1796 852 1851 ut
875 1791 913 1850 de
936 1790 1081 1852 omnibus
1103 1791 1241 1853 fortunIs
1263 1792 1309 1852 rei

209 1917 237 1962 10
257 1897 400 1976 publicae
420 1897 565 1957 dimicem
583 1915 683 1974 neque
700 1895 796 1956 etiam
815 1896 871 1974 qui
891 1914 929 1955 ex
951 1895 1117 1957 dilectibus
1139 1896 1309 1975 conscripti

258 2008 332 2063 suut
346 2002 527 2062 consulibus
543 2008 762 2062 convenerunt.

296 2106 399 2178 Quare
414 2108 455 2167 da
468 2125 602 2184 operam,
616 2107 643 2168 si
655 2107 720 2166 ulla
734 2106 856 2167 ratione
870 2107 965 2167 etiam
980 2125 1062 2166 nunc
1077 2105 1196 2166 efficere
1210 2112 1309 2184 potes,

256 2218 293 2272 ut
311 2217 343 2272 te
362 2211 509 2289 explices
530 2212 588 2272 hoc
606 2230 700 2289 quam
719 2211 853 2290 primum
874 2212 992 2287 venias,
1012 2218 1180 2288 antequam
1202 2230 1309 2272 omnes

257 2315 364 2395 copiae
375 2321 416 2376 od
427 2317 638 2377 adversarium
650 2317 847 2376 conveniant.
889 2317 1000 2395 Neque
1015 2316 1099 2376 enim
1114 2315 1256 2377 celeriter
1270 2335 1310 2377 ex

209 2442 237 2488 15
257 2422 425 2482 dilectibus
439 2421 498 2481 boc
512 2421 654 2482 homines
669 2421 835 2482 convenire
849 2427 980 2500 possunt
995 2426 1035 2496 et,
1052 2421 1079 2481 si
1095 2421 1308 2497 convenirent,

257 2532 409 2605 quantum
426 2526 467 2602 iis
484 2527 742 2586 committendum
761 2526 803 2587 sit
819 2524 875 2605 qui
892 2525 975 2586 inter
994 2545 1027 2586 se
1044 2544 1084 2585 ne
1101 2526 1168 2586 noti
1189 2529 1309 2602 quidem

257 2637 331 2692 sunt
345 2637 454 2692 contra
468 2637 630 2693 veteranas
645 2631 784 2708 legiones
798 2650 861 2692 uon
875 2637 907 2692 te
921 2631 1081 2710 praeterit.

763 2871 806 2934 24

349 3033 420 3096 Sor.
439 3035 481 3096 ia
496 3034 689 3096 Formiano
705 3034 773 3094 III
785 3033 829 3094 K.
848 3032 959 3094 Mart.
979 3051 1011 3094 a.
1032 3031 1107 3099 705
1128 3030 1217 3109 (49).

640 3179 735 3237 Cicero
752 3179 851 3235 Attico
869 3178 928 3234 Sel.

298 3317 386 3388 Quod
408 3336 457 3377 me
477 3335 590 3394 magno
618 3317 716 3377 animi
744 3323 831 3376 motu
859 3315 1077 3394 perturbatum
1105 3320 1208 3393 putas,
1240 3333 1308 3375 sum

258 3422 404 3500 equidem
428 3422 482 3482 scd
507 3441 569 3481 non
595 3428 659 3482 tam
686 3441 799 3498 magno
824 3440 917 3499 quam
942 3420 1002 3480 tibi
1027 3420 1162 3480 fortasse
1186 3418 1305 3479 videor.

209 3544 239 3589 ao
258 3527 395 3587 Levatur
409 3528 493 3586 enim
514 3527 616 3588 omnis
637 3546 712 3588 cura
733 3546 801 3587 cum
824 3534 878 3586 aut
899 3525 1044 3586 constItit
1065 3525 1232 3585 consilium
1254 3529 1309 3584 aut

257 3631 423 3708 cogitando
450 3631 532 3692 nihil
560 3631 743 3710 explicatur.
786 3631 967 3691 Lamentari
995 3635 1099 3690 autem
1128 3629 1204 3689 licet
1228 3628 1310 3688 illud

258 3737 385 3817 quidem
400 3742 482 3800 totos
497 3737 581 3815 dies3
605 3737 659 3800 sed
674 3755 782 3796 vereor
796 3755 836 3796 ne
851 3735 933 3796 nibil
947 3754 1018 3795 cum
1035 3733 1194 3813 proficiam
1213 3733 1309 3794 etiam
