3038 4278
598 321 724 379 muru
748 276 997 380 sunnorlons

445 569 498 620 Tbc
515 573 630 633 martina
642 571 674 632 cs
684 569 784 632 Scipio,
800 569 915 633 Saphar,
929 571 985 622 aad
996 571 1164 622 Hasdrubal.

315 702 350 762 L.
371 701 475 779 Scipio
493 719 566 760 oum
580 701 689 762 multis
707 701 866 762 nobilibus
882 702 1017 781 captivis
1034 703 1166 764 nuntius
1185 709 1329 782 receptae

275 806 450 885 Hispaniae
469 807 602 867 Romam
619 813 669 866 est
684 807 817 883 missus,
840 813 872 867 et
886 827 957 866 cum
971 808 1067 868 ceteri
1081 807 1205 868 laetitia
1217 808 1329 885 gloria-

274 930 335 990 que
362 911 484 988 ingenti
512 930 580 972 eam
611 930 677 972 rem
708 911 802 987 vulgo
832 911 960 987 ferrent,
989 931 1070 972 unus
1095 912 1150 990 qui
1178 920 1327 991 gesserat,

273 1016 475 1098 inexplebilis
497 1016 626 1077 virtutis
644 1035 797 1095 veraeque
814 1016 927 1092 laudis,
946 1035 1077 1094 parvum
1099 1017 1200 1078 instar
1221 1037 1327 1080 eorum

239 1141 353 1200 oquae
377 1140 431 1198 spe
455 1140 491 1182 ac
514 1122 732 1198 magnitudine
754 1121 852 1182 animi
876 1122 1070 1200 concepisset
1091 1129 1232 1201 receptas
1254 1125 1328 1186 His

148 1309 151 1314 Ι
272 1228 383 1306 panias
403 1227 552 1288 ducebat:
574 1217 637 1288 iam
658 1227 801 1288 Africam
821 1245 1028 1304 magnamque
1050 1228 1273 1306 Carthaginem
1294 1236 1328 1290 ct

273 1333 306 1393 in
335 1351 425 1393 suum
453 1333 548 1393 decus
576 1351 752 1410 nomenque
774 1332 863 1392 velut
886 1338 1134 1393 consummatam
1160 1333 1228 1394 eius
1251 1333 1328 1395 belli
1405 1409 1407 1412 .

273 1438 403 1515 gloriam
432 1438 602 1516 spectabat.
646 1438 759 1515 Itaque
783 1437 1033 1515 praemoliendas
1058 1438 1119 1498 sibi
1147 1444 1235 1524 ratus
1262 1440 1327 1500 iam

272 1562 322 1604 res
343 1543 617 1620 conciliandosque
642 1562 749 1620 regum
773 1542 975 1620 gentiumque
996 1543 1127 1619 animos,
1149 1543 1326 1624 Syphacem

225 1666 254 1712 10
272 1647 407 1726 primum
417 1667 521 1724 regem
533 1647 647 1709 statuit
656 1653 818 1727 temptare.
862 1647 1124 1708 Masaesuliorum
1136 1648 1163 1710 is
1174 1667 1229 1709 rex
1241 1656 1326 1710 crat:

272 1753 465 1829 Masaesulii,
493 1771 569 1830 gens
597 1753 711 1815 adfinis
742 1753 872 1828 Mauris,
901 1753 934 1812 in
963 1753 1123 1829 regionem
1150 1754 1327 1832 Hispaniae

271 1858 406 1918 maxime
429 1877 490 1935 qua
511 1859 573 1920 sita
593 1859 686 1919 Nova
704 1858 862 1935 Carthago
882 1864 932 1918 est
951 1864 1103 1937 spectant.
1145 1860 1270 1920 Foedus
1289 1879 1327 1920 ea

271 1969 459 2041 tempestate
486 1963 553 2039 regi
580 1982 652 2023 cum
679 1963 992 2039 Carthaginiensibus
1017 1969 1103 2040 crat3
1132 1964 1216 2042 quod
1240 1964 1327 2024 haud

271 2069 397 2144 gravius
415 2069 444 2129 ei
462 2069 663 2146 sanctiusque
681 2087 775 2146 quam
795 2068 891 2146 vulgo
909 2069 1060 2143 barbaris,
1076 2069 1189 2146 quibus
1209 2087 1248 2128 ex
1265 2069 1327 2129 lor-

224 2188 252 2234 15
270 2180 349 2234 tuna
367 2176 483 2252 pendet
500 2173 588 2250 fides,
608 2179 694 2234 ratus
717 2175 794 2249 fore,
809 2179 963 2234 oratorem
981 2174 1022 2234 ad
1040 2191 1111 2233 eum
1129 2172 1162 2233 C.
1181 2174 1325 2234 Laelium

267 2297 342 2339 ¹cum
356 2279 448 2340 donis
463 2278 570 2338 mittit.
613 2278 732 2349 Quibus
749 2278 899 2338 barbarus
921 2277 1032 2352 laetus,
1048 2281 1080 2337 et
1099 2277 1174 2354 quia
1192 2296 1241 2338 res
1255 2284 1326 2338 tum

270 2403 436 2462 prosperae
464 2384 580 2461 ubique
604 2384 765 2458 Romanis,
791 2383 906 2442 Poenis
930 2382 964 2441 in
987 2380 1084 2442 Italia
1106 2381 1265 2458 adversae,
1290 2383 1326 2442 in

270 2489 429 2567 Hispania
438 2489 544 2549 nullae
554 2489 616 2549 iam
625 2495 723 2563 erant,
735 2487 906 2548 amicitiam
917 2505 950 2548 se
960 2487 1173 2546 Romanorum
1184 2488 1325 2566 accipere

269 2594 396 2654 annuit:
419 2593 590 2654 firmandae
605 2594 672 2653 eius
687 2593 782 2653 fidem
791 2611 847 2652 nec
862 2594 936 2652 dare
951 2611 1006 2651 neo
1021 2591 1162 2670 accipere
1175 2592 1238 2652 nisi
1252 2611 1325 2653 cum

221 2711 251 2756 uo
269 2700 339 2776 ipso
357 2707 460 2760 coram
481 2699 559 2759 duce
576 2699 726 2758 Romano.
769 2699 822 2757 Ita
840 2696 977 2772 Laelius,
992 2697 1026 2755 in
1047 2695 1080 2756 id
1099 2696 1192 2757 modo
1207 2697 1269 2757 fide
1284 2699 1324 2759 ab

269 2821 341 2881 rege
369 2810 496 2882 accepta
523 2810 628 2864 tutum
656 2803 826 2863 adventum
851 2802 928 2877 lore,
954 2801 994 2862 ad
1022 2801 1201 2880 Scipionem
1230 2803 1322 2863 redit.

269 2911 420 2985 Magnum
434 2909 468 2968 in
480 2909 585 2969 omnia
595 2914 786 2968 momentum
804 2907 936 2985 Syphax
946 2907 1120 2967 adfectanti
1132 2925 1182 2968 res
1193 2907 1323 2968 Africae

268 3020 344 3089 erat,
360 3014 617 3092 opulentissimus
632 3013 700 3074 eius
711 3019 813 3074 terrae
828 3030 893 3087 rex,
906 3011 989 3072 bello
999 3013 1062 3072 iam
1076 3019 1225 3090 expertus
1236 3013 1322 3090 ipsos

268 3119 551 3196 Carthaginienses,
579 3119 694 3179 finibus
722 3118 819 3179 etiam
846 3117 934 3194 regni
962 3123 1035 3195 apte
1062 3118 1103 3178 ad
1130 3118 1322 3196 Hispaniam

219 3237 248 3282 25
267 3225 352 3303 quod
370 3225 454 3284 freto
470 3223 583 3300 exigno
600 3224 793 3284 dirimuntur
810 3222 932 3301 positis.
975 3222 1112 3298 Dignam
1132 3221 1240 3301 itaque
1254 3243 1322 3284 rem

268 3330 374 3408 Scipio
388 3337 474 3390 ratus
497 3347 586 3407 quae,
608 3329 756 3406 quoniam
777 3327 870 3389 aliter
891 3346 954 3394 non
976 3333 1090 3418 posset,
1111 3347 1224 3404 magno
1242 3329 1323 3407 peri·

267 3434 338 3496 culo
356 3441 523 3513 peteretur,
542 3434 577 3494 L.
596 3433 717 3494 Marcio
734 3435 917 3508 Tarracone,
929 3434 979 3502 M,
1002 3432 1110 3494 Silano
1129 3432 1321 3510 Carthagine

213 3584 215 3588 .
265 3540 366 3616 Nova,
381 3560 442 3618 quo
456 3540 588 3619 pedibus
603 3540 642 3600 ab
657 3541 830 3599 Tarracone
844 3537 1010 3608 itineribus
1029 3538 1151 3614 magnis
1169 3538 1259 3614 uiaret,
1279 3539 1321 3600 ad

266 3645 459 3724 praesidium
481 3645 655 3723 Hispaniae
677 3643 807 3719 relictis,
829 3643 897 3721 ipse
920 3661 991 3702 cum
1009 3643 1042 3704 C.
1063 3625 1320 3705 Laelio-duabus

218 3764 247 3810 sc
266 3751 542 3829 quinqueremibus
570 3751 610 3811 ab
638 3749 827 3825 Carthagine
855 3748 1015 3826 profectus
1043 3747 1216 3825 tranquillo
1239 3750 1319 3810 mari
