3038 4278
436 324 565 380 LIVY’s
589 323 739 380 ROMAN
764 322 945 378 HISTORY
1194 309 1238 376 23

185 495 358 574 quidquam
372 494 459 555 aliud
473 495 513 554 ad
529 494 724 555 sciscendum
739 493 825 571 plebi
839 493 907 552 fieri
927 493 1013 571 passi
1034 499 1116 552 sunt.
1160 493 1240 552 Iam·

186 620 246 678 que
260 601 380 660 frustra
395 618 487 677 saepe
502 599 635 659 concilio
648 600 800 660 advocato
814 617 953 676 cumpro
968 597 1141 676 antiquatis
1156 616 1240 674 roga·

185 707 287 766 tiones
322 711 439 765 essent:
476 705 585 764 “Bene
621 704 740 764 habet''
769 703 874 781 inquit
902 703 1045 779 Sextius3
1090 703 1239 780 “quando

185 810 313 888 quidem
327 816 452 870 tantum
466 809 721 870 intercessionem
737 808 855 886 pollere
870 807 983 887 placet,
998 809 1060 869 isto
1084 809 1155 886 ipso
1175 808 1239 869 telo

183 915 358 976 tutabimur
380 914 512 992 plebem.
568 914 662 990 Agita
689 915 774 988 dum,
800 913 928 975 comitia
958 913 1097 990 indicite,
1123 919 1272 992 petreae

184 1020 321 1081 tribunis
347 1019 486 1079 militum
510 1021 652 1082 creandis
659 1043 667 1096 ;
689 1019 764 1079 faxo
786 1037 825 1080 ne
844 1018 933 1079 iuret
953 1034 1016 1078 vox
1042 1019 1106 1080 ista
1129 1024 1137 1055 ‘
1148 1019 1238 1094 veto,'

185 1143 247 1202 qna
266 1143 352 1184 nunc
365 1125 564 1186 concinentes
579 1125 714 1201 collegas
728 1131 852 1186 nostros
867 1131 932 1184 tam
945 1124 1023 1184 laeti
1037 1124 1185 1185 auditis.''

227 1231 322 1290 Haud
343 1230 458 1290 inritae
480 1231 618 1290 cecidere
640 1230 763 1304 minae;
792 1229 921 1290 comitia
940 1235 1065 1307 praeter
1089 1229 1238 1291 aedilium

184 1336 444 1413 tribunorumque
459 1335 545 1414 plebi
559 1335 648 1396 nulla
660 1335 859 1396 sunthabita.
896 1335 1038 1396 Licinius
1051 1334 1239 1412 Sextiusque

185 1440 422 1518 tribuniplebis
438 1441 551 1502 reiecti
565 1441 669 1502 nullos
683 1441 808 1501 curules
823 1441 1026 1516 magistratus
1041 1441 1139 1500 creari
1153 1440 1238 1518 passi
1258 1456 1287 1501 10

185 1552 277 1621 sunt;
300 1564 397 1623 eaque
412 1545 551 1606 solitudo
566 1546 807 1622 magistratuum
828 1552 861 1607 et
875 1546 965 1624 plebe
981 1546 1140 1606 reficiente
1159 1546 1238 1606 duos

183 1652 327 1712 tribunos
342 1657 375 1711 et
395 1650 435 1712 iis
449 1651 578 1711 comitia
598 1651 794 1712 tribunorum
816 1651 955 1711 militum
977 1651 1161 1712 tollentibus
1183 1669 1239 1729 per

185 1755 435 1835 quinquennium
449 1755 556 1816 urbem
571 1756 682 1817 tenuit.

403 1941 455 1992 ibe
463 1943 636 2004 praetor-stip
649 1943 704 1992 aad
716 1943 758 1993 tlte
771 1943 865 1993 carulo
878 1943 1032 2005 aedileslu'p.

225 2075 338 2134 Annus
373 2072 425 2133 hic
460 2073 521 2133 erit
548 2073 683 2150 insignis
718 2073 793 2132 novi
827 2073 964 2134 hominis
1000 2074 1174 2150 consulatu,
1196 2075 1239 2134 in-

186 2178 285 2254 signis
300 2178 390 2238 novis
405 2178 527 2238 duobus
542 2178 789 2255 magistratibus,
805 2183 952 2256 praetura
972 2184 1005 2238 et
1018 2179 1119 2239 curuli
1134 2179 1240 2239 aedili·
1259 2197 1287 2243 15

185 2290 260 2344 tate.
319 2283 389 2344 Hos
414 2283 475 2344 sibi
497 2283 623 2361 patricii
648 2284 831 2362 quaesivere
856 2283 988 2344 honores
1013 2303 1069 2362 pro
1094 2303 1239 2345 concesso

186 2388 271 2466 plebi
285 2387 384 2448 altero
401 2389 574 2449 consulatu.
617 2389 729 2449 Plebes
746 2388 942 2450 consulatum
961 2390 996 2447 L.
1015 2389 1132 2464 Sextio,
1150 2389 1239 2450 cuius

186 2493 254 2569 lege
276 2497 385 2571 partus
406 2499 483 2568 erat,
501 2494 606 2570 dedit3
627 2501 733 2573 patres
753 2499 931 2573 praeturam
954 2494 1005 2572 Sp.
1029 2494 1124 2554 Furio
1145 2495 1188 2554 M.
1211 2495 1236 2554 f.

188 2597 330 2674 Camillo,
348 2598 543 2658 aedilitatem
561 2600 616 2660 On.
635 2598 781 2670 Quinctio
799 2599 977 2676 Capitolino
994 2605 1026 2659 ct
1043 2599 1077 2659 P.
1095 2600 1240 2661 Cornelio

188 2702 337 2780 Scipioni,
356 2722 482 2763 suarum
499 2703 641 2780 gentimn
658 2704 744 2780 viris,
766 2704 868 2780 gratia
888 2704 1056 2782 campestri
1078 2705 1238 2766 dederunt.
1260 2719 1289 2764 20

188 2808 223 2867 L.
240 2807 348 2868 Sextio
359 2807 478 2884 collega
489 2827 527 2867 ex
539 2809 681 2886 patribus
696 2809 789 2869 datus
800 2811 834 2868 L.
847 2809 1003 2870 Aemilius
1018 2810 1239 2870 Mamercinus.

228 2912 391 2990 Principio
419 2913 494 2972 anni
526 2919 558 2974 ct
589 2914 628 2974 de
653 2913 764 2989 Gallis,
793 2934 871 2992 quos
901 2914 1004 2992 primo
1033 2916 1155 2993 palatos
1185 2935 1241 2993 per

187 3017 339 3096 Apuliam
361 3018 544 3095 congregari
565 3019 627 3078 iam
649 3019 736 3079 fama
755 3026 832 3094 erat,
850 3025 882 3079 et
903 3020 942 3080 de
962 3020 1170 3081 Hernicorum
1192 3022 1242 3082 de-

188 3121 325 3183 sectione
342 3122 462 3199 agitata
480 3123 607 3184 mentio.
650 3125 729 3184 Cum
749 3124 787 3184 de
804 3124 962 3185 industria
979 3126 1092 3202 omnia,
1108 3145 1147 3186 ne
1165 3127 1241 3205 quid

188 3247 244 3306 per
271 3227 430 3306 plebeium
459 3228 616 3288 consulem
645 3234 799 3305 ageretur,
826 3230 1051 3308 proferrentur,
1080 3221 1242 3292 silentium
1262 3252 1291 3296 25

188 3333 329 3392 omnium
345 3352 449 3393 rerum
468 3353 504 3394 ac
524 3333 646 3394 iustitio
665 3333 769 3394 simile
786 3335 886 3395 otium
903 3336 976 3410 fuit,
991 3335 1054 3396 nisi
1071 3337 1165 3415 quod,
1179 3357 1242 3397 non

188 3437 381 3516 patientibus
400 3439 532 3499 tacitum
551 3439 698 3514 tribunis,
719 3440 801 3516 quod
818 3440 1019 3517 proconsule
1038 3460 1102 3502 uno
1119 3442 1242 3520 plebeio

187 3549 252 3603 tres
289 3544 437 3621 patricios
473 3545 677 3620 magistratus
713 3544 873 3606 curulibus
910 3546 996 3607 sellis
1028 3532 1242 3625 praetextatos

187 3655 350 3726 tamqnam
368 3650 511 3710 consules
533 3651 676 3712 sedentes
696 3650 845 3712 nobilitas
865 3651 925 3712 sibi
946 3653 1140 3730 sumpsisset,
1159 3672 1244 3732 prae-

188 3759 288 3814 torem
302 3754 428 3831 qnidem
444 3756 538 3816 ctiam
558 3756 628 3816 iura
643 3756 824 3816 reddentem
841 3763 873 3820 et
890 3756 1042 3839 collegam
1061 3758 1243 3819 oonsulibus
1262 3777 1291 3821 ao
