3038 4278
259 322 306 390 68
581 330 706 387 muru
731 330 980 386 SELECTIONS

259 503 468 564 Intervallum
482 503 565 580 quod
580 503 663 562 inter
677 508 831 564 caetratos
845 507 877 562 et
892 501 1062 579 phalanges
1077 506 1153 577 erat,
1165 501 1312 579 implevit

259 609 351 685 legio,
372 615 468 686 atque
488 608 585 668 aciem
607 607 746 668 hostium
771 606 947 685 interrupit.
990 607 1020 666 Α
1048 612 1135 682 tergo
1164 607 1311 667 caetratis

259 721 335 789 erat,
368 715 504 774 frontem
540 715 691 774 adversus
724 713 877 790 clipeatos
909 712 1061 774 habebat:
1096 711 1311 790 chalcaspides

260 820 507 898 appellabantur.
551 819 726 879 Secundam
746 818 901 896 legionem
923 819 957 876 L.
979 817 1117 878 Albinus
1138 817 1310 878 consularis

225 944 240 988 o
259 926 371 986 ducere
392 925 542 985 adversus
564 923 775 1000 leucaspidem
797 923 982 1001 phalangem
1006 923 1127 983 iussus:
1149 941 1187 982 ea
1207 922 1311 983 media

258 1031 341 1091 acies
362 1030 501 1090 hostium
522 1028 594 1088 fuit.
637 1029 677 1088 In
698 1029 842 1088 dextrum
865 1047 970 1103 cornu,
985 1028 1068 1087 unde
1082 1027 1165 1088 circa
1178 1027 1310 1088 fluvium

259 1135 459 1196 commissum
500 1134 653 1213 proelium
688 1139 764 1207 erat,
800 1132 983 1211 elephantos
1020 1133 1144 1194 inducit
1178 1138 1210 1193 et
1243 1133 1310 1193 alae

259 1241 428 1317 sociorum
450 1245 482 1299 et
496 1239 569 1299 hino
584 1239 720 1317 primum
733 1239 811 1315 fuga
825 1238 1031 1299 Macedonum
1047 1244 1095 1300 est
1108 1243 1185 1298 orta.
1226 1238 1310 1298 Nam

259 1346 341 1406 sicut
368 1345 515 1423 pleraque
543 1363 625 1404 nova
651 1351 828 1404 commenta
855 1343 1034 1404 mortalium
1059 1343 1093 1402 in
1116 1342 1221 1418 uerbis
1244 1343 1310 1402 vim

211 1466 241 1511 10
258 1451 384 1526 habent,
400 1449 597 1527 experiendo,
612 1468 681 1510 oum
704 1449 765 1526 agi,
779 1468 841 1508 non
861 1467 954 1526 quem
975 1449 1015 1509 ad
1034 1449 1159 1508 modurn
1178 1449 1311 1524 a'gantur

259 1555 389 1616 edisseri
411 1560 542 1634 oportet,
564 1553 632 1615 sine
652 1553 719 1612 ullo
743 1553 856 1614 effectu
877 1558 1074 1628 evanescunt,
1096 1552 1143 1614 ita
1156 1558 1230 1613 ‘tum
1252 1553 1311 1612 ele-

259 1659 372 1738 phanti
394 1660 428 1719 in
450 1659 515 1720 acie
537 1677 652 1719 nomen
665 1664 789 1719 tantum
805 1658 872 1719 sine
893 1677 955 1720 usu
976 1659 1113 1718 fuerunt.
1155 1658 1311 1736 Elephan-

259 1771 362 1825 torum
377 1765 529 1842 impetum
544 1763 703 1825 subsecuti
713 1768 789 1823 sunt
803 1763 880 1824 socii
894 1763 1031 1824 nominis
1052 1763 1168 1838 Latini,
1187 1763 1311 1841 pepule-

259 1877 394 1947 runtque
422 1870 546 1930 laevum
570 1888 674 1928 cornu.
718 1869 758 1928 In
785 1868 888 1928 medio
908 1869 1046 1929 secunda
1066 1868 1149 1945 legio
1169 1869 1312 1930 immissa

211 1991 241 2036 15
260 1975 427 2054 dissipavit
441 1975 636 2053 phalangem.
665 1975 777 2052 Neque
786 1973 853 2034 ulla
867 1973 1043 2034 evidentior
1057 1992 1152 2034 causa
1162 1974 1311 2035 victoriae

258 2081 330 2157 fuit,
353 2099 447 2159 quam
468 2080 552 2158 quod
574 2079 674 2140 multa
701 2079 819 2157 passim
840 2078 960 2157 proelia
981 2085 1080 2155 erant,
1103 2098 1182 2157 quae
1203 2079 1312 2140 fluctu·

258 2192 362 2247 antem
378 2186 545 2246 turbarunt
560 2184 670 2263 primo,
685 2185 799 2246 deinde
810 2184 1001 2245 disiecerunt
1013 2184 1210 2263 phalangem,
1222 2185 1311 2246 cuius

259 2292 418 2352 confertae
427 2297 460 2351 et
468 2291 599 2351 intentis
610 2291 767 2351 horrentis
781 2290 883 2351 hastis
897 2289 1112 2351 intolerabiles
1124 2290 1206 2351 vires
1222 2297 1309 2350 sunt:

259 2398 286 2458 si
301 2397 433 2476 carptim
455 2395 666 2471 adgrediendo
686 2395 895 2470 circumagere
908 2395 1099 2455 immobilem
1113 2395 1311 2471 longitudine

210 2516 240 2561 ao
259 2509 291 2563 et
318 2502 473 2579 gravitate
497 2501 618 2561 hastam
645 2519 747 2577 cogas,
767 2501 898 2560 confusa
923 2506 1008 2561 strue
1036 2500 1254 2578 implicantur:
1284 2501 1311 2561 si

259 2628 333 2669 vero
354 2613 409 2668 aut
430 2607 469 2667 ab
482 2605 580 2666 latere
603 2612 658 2666 aut
680 2606 721 2666 ab
734 2612 822 2682 tergo
840 2605 961 2683 aliquid
975 2605 1130 2666 tumultus
1145 2604 1311 2684 increpuit,

259 2713 367 2774 ruinae
379 2713 470 2772 modo
483 2711 659 2786 turbantur,
675 2711 756 2772 sicut
770 2716 838 2770 tum
847 2711 997 2771 adversus
1012 2710 1196 2771 catervatim
1212 2710 1312 2771 incur-

259 2825 363 2879 rentes
384 2819 552 2892 Romanos,
567 2823 599 2876 et
619 2816 797 2894 interrupta
813 2814 1022 2876 multifariam
1036 2814 1111 2891 acie,
1126 2815 1250 2876 obviam
1265 2815 1311 2875 ire

259 2924 455 3002 cogebantur.
497 2923 540 2981 Et
554 2921 698 2995 Romani,
714 2939 907 2999 quacumque
925 2921 1000 2981 data
1013 2920 1183 2981 intervalla
1196 2927 1310 2996 essent,

210 3040 240 3085 25
259 3029 461 3089 insinuabant
482 3027 607 3087 ordines
629 3045 709 3087 suos.
751 3025 811 3096 Qui
833 3026 861 3085 si
881 3009 1030 3086 universa
1050 3026 1115 3086 acie
1129 3026 1163 3085 in
1174 3026 1311 3087 frontem

259 3135 407 3195 adversus
422 3133 608 3192 instructam
622 3130 811 3209 phalangem
822 3130 1061 3207 concurrissent,
1074 3132 1158 3208 quod
1168 3131 1311 3208 Pelignis
1353 3151 1357 3158 ’

258 3238 413 3318 principio
441 3256 565 3315 pugnae
602 3236 728 3297 incaute
762 3235 936 3313 congressis
972 3236 1122 3296 adversus
1157 3242 1310 3296 caetratos

258 3344 373 3420 evenit,
389 3343 569 3403 induissent
590 3361 623 3402 se
644 3341 744 3402 hastis
765 3361 822 3402 nec
843 3342 1015 3402 confertam
1033 3341 1130 3401 aciem
1147 3340 1312 3402 sustinuis

259 3457 336 3511 sent.
380 3450 525 3509 Ceterum
547 3448 629 3508 sicut
657 3449 798 3525 pediturn
821 3448 940 3526 passim
963 3447 1074 3507 caedes
1096 3445 1223 3521 fiebant,
1248 3445 1311 3507 nisi

210 3565 240 3611 30
258 3556 315 3634 qui
341 3554 471 3615 abiectis
499 3553 593 3614 armis
621 3553 780 3630 fugerunt,
809 3553 854 3614 sic
880 3551 1038 3631 equitatus
1066 3569 1162 3630 prope
1190 3550 1311 3627 integer

258 3679 365 3745 pugna
378 3659 521 3722 excessit.
564 3658 716 3740 Princeps
732 3659 826 3738 fugae
841 3677 896 3718 rex
910 3658 978 3740 ipse
992 3663 1069 3721 erat.
