3058 4284
274 323 340 391 112
601 335 726 392 LATIN
750 334 1000 393 SELECTIONS

272 507 422 586 populum
450 508 688 570 cohortarentur
711 509 751 570 ed
773 507 965 586 rogationem
981 507 1205 588 accipiendam,
1226 507 1323 569 homi-

271 632 327 674 nes
351 614 392 674 ad
416 613 594 692 quindecim
619 613 748 675 Curioni
772 614 896 675 nullum
925 620 1053 675 senatus
1080 613 1258 674 consultum
1279 615 1324 674 fa·

271 719 367 779 cienti
389 720 612 795 adsenseruut3
640 739 679 779 ex
704 719 805 780 altera
827 725 917 798 parte
942 719 1035 780 facile
1059 719 1160 781 0000
1184 721 1321 779 fuerunt.

271 825 353 885 Acta
379 842 429 886 res
456 831 513 885 est.
562 824 671 885 Fufius
700 825 846 885 tribunus
874 831 940 885 tum
976 825 1139 886 concessit.
1191 824 1322 886 Clodius

237 949 252 994 u
270 930 431 991 contiones
446 930 575 991 miseras
590 930 733 1006 babebat,
746 929 905 1008 inquibus
918 929 1093 1005 Lucullum,
1105 930 1321 1007 Hortensium,

271 1035 304 1096 0.
328 1036 484 1110 Pisonem,
509 1035 692 1096 Messallam
721 1035 880 1096 consulem
909 1034 1133 1097 contumeliose
1160 1035 1321 1112 laedebat;

272 1159 320 1200 me
334 1146 457 1200 tautum
473 1140 690 1219 ‘comperisse'
705 1139 812 1201 omnia
822 1140 1055 1200 criminabatur.
1099 1140 1233 1200 Senatus
1243 1147 1274 1201 et
1283 1141 1322 1200 de

271 1245 440 1324 provinciis
454 1251 631 1323 praetorum
648 1251 680 1305 et
694 1245 733 1306 de
754 1245 963 1321 legationibus
984 1251 1017 1305 et
1038 1245 1076 1304 de
1098 1229 1209 1306 ceteris
1230 1246 1322 1306 rebus

270 1350 456 1411 decernebat
470 1357 506 1410 ut
519 1356 686 1428 antequam
702 1351 825 1426 rogatio
838 1349 904 1410 lata
917 1356 1001 1410 esset
1015 1369 1054 1410 ne
1073 1349 1150 1427 quid
1168 1356 1321 1426 ageretur.

223 1475 252 1521 10
311 1455 419 1516 Habes
440 1474 490 1515 res
511 1456 678 1516 Romanas.
723 1456 784 1516 Sed
805 1462 910 1516 tamen
932 1456 1028 1516 etiam
1050 1455 1130 1516 illud
1152 1455 1235 1532 quod
1259 1474 1323 1515 non

271 1578 428 1638 speraram
448 1560 530 1621 audi.
574 1560 724 1622 Messalla
747 1561 855 1622 consul
878 1567 927 1621 est
951 1561 1104 1637 egregius,
1126 1560 1229 1635 fortis,
1255 1579 1323 1621 eon·

271 1672 368 1741 stans,
383 1665 528 1742 diligens,
543 1666 645 1726 nostri
660 1666 812 1741 laudator,
828 1672 956 1742 amator,
972 1665 1121 1726 imitator.
1164 1664 1224 1726 Ille
1242 1665 1323 1727 alter

269 1789 334 1830 uno
353 1771 433 1831 vitio
454 1771 559 1831 minus
579 1770 713 1832 vitiosus
738 1771 822 1847 quod
847 1772 940 1844 iners,
962 1771 1045 1848 quod
1071 1771 1172 1831 somni
1201 1770 1321 1849 plenus,

271 1875 353 1953 quod
368 1875 543 1953 imperituS,
557 1876 639 1952 quod
653 1877 871 1955 ἀπρακτότατος,
887 1876 943 1936 sed
957 1875 1119 1936 voluntate
1130 1876 1177 1936 ita
1188 1877 1322 1957 οωχέκτης

223 2004 251 2048 15
271 1986 306 2040 ut
326 1981 510 2059 Pompeium
532 1981 713 2059 postillam
735 1981 909 2040 contionem
932 1981 966 2040 in
987 1999 1050 2058 qua
1070 1981 1109 2041 ab
1130 1999 1167 2042 eo
1194 1987 1322 2042 senatus

270 2085 416 2148 laudatus
448 2091 497 2147 est
528 2085 631 2146 odisse
664 2085 810 2164 coeperit.
853 2087 967 2164 Itaque
995 2086 1109 2145 mirum
1138 2086 1171 2146 iu
1196 2087 1322 2146 modum

270 2211 378 2252 ornnes
389 2211 409 2252 a
423 2211 456 2252 se
469 2192 566 2252 bonos
581 2190 741 2252 alienavit.
783 2191 894 2269 Neque
909 2191 941 2252 id
957 2191 1060 2268 magis
1076 2190 1217 2252 amicitia
1230 2190 1322 2252 Clodi

269 2297 424 2358 adductus
445 2297 524 2356 feeit
544 2314 637 2374 quam
660 2297 764 2356 studio
786 2297 980 2375 perditarum
1002 2315 1105 2356 rerum
1132 2303 1227 2374 atque
1255 2316 1322 2375 par-

269 2403 358 2463 tium.
402 2402 463 2462 Sed
491 2401 585 2462 habet
613 2401 662 2462 sui
691 2401 825 2462 similem
859 2401 892 2460 in
927 2401 1164 2478 magistratibus
1198 2406 1322 2480 praeter

222 2531 252 2576 20
269 2507 393 2567 Fufium
408 2507 573 2567 neminem.
617 2507 713 2568 Bonis
729 2507 848 2566 utimur
862 2506 999 2567 tribunis
1013 2506 1066 2584 pl,
1089 2505 1228 2567 Cornuto
1247 2525 1322 2568 vero

269 2612 512 2673 Pseudocatone.
555 2612 637 2681 Quid
652 2612 804 2689 quaeris?

309 2719 402 2778 Nunc
424 2724 461 2778 ut
481 2717 520 2777 ad
543 2718 668 2795 privata
691 2717 825 2792 redeam,
853 2721 966 2795 Τεῦκρις
993 2716 1147 2795 promissa
1173 2718 1319 2796 patravit

270 2824 318 2882 Tu
333 2823 481 2884 mandata
495 2821 589 2897 effice,
605 2841 684 2899 quae
705 2821 858 2900 recepisti.
901 2821 1038 2893 Quintus
1059 2822 1167 2897 frater,
1188 2823 1244 2900 qui
1264 2824 1322 2883 Ar-

270 2929 399 3006 giletani
427 2929 562 2990 aedificii
590 2929 745 3006 reliquum
774 2929 958 2989 dodrantem
987 2929 1065 2989 emit
1092 2929 1148 2988 HS
1180 2920 1321 3001 Βαῖτιν,

220 3054 249 3100 au
269 3035 479 3096 Tusculanum
495 3033 648 3109 venditat,
663 3040 707 3108 ut,
723 3034 750 3094 si
762 3033 872 3112 possit,
885 3039 968 3094 emat
978 3033 1173 3094 Pacilianam
1185 3032 1320 3092 domum

269 3142 348 3203 Cum
363 3139 496 3199 Lucceio
510 3138 544 3198 in
558 3139 692 3215 gratiam
707 3139 796 3199 redii.
839 3139 939 3200 Video
953 3138 1113 3199 hominem
1129 3137 1221 3198 valde
1241 3137 1320 3215 peti-

268 3245 374 3306 turire.
417 3244 549 3305 Navabo
565 3262 697 3323 operam.
740 3245 789 3303 Tu
803 3243 881 3320 quid
895 3262 978 3319 agas,
993 3243 1048 3304 ubi
1062 3243 1116 3318 sis,
1131 3242 1221 3303 cuius
1236 3241 1322 3302 modi

268 3350 349 3412 istae
377 3369 426 3410 res
460 3349 533 3425 sint,
568 3350 620 3410 fac
654 3368 704 3410 me
738 3367 832 3427 quam
868 3347 1113 3426 diligentissime
1147 3346 1321 3409 certiorem.

268 3455 380 3516 Idibus
394 3454 483 3516 Febr.
