3058 4284
559 393 743 454 cronno’s
767 392 949 448 nsrrrss
1214 377 1280 448 117

226 581 299 642 prae
320 581 390 623 mea
404 563 505 624 salute
526 562 666 639 neglexit
686 583 788 642 neque
809 563 888 640 legis
910 563 1158 642 improbissimae
1180 583 1280 642 poena

225 669 379 729 deductus
394 674 443 728 est
458 669 638 746 quominus
653 669 785 749 hospitii
800 675 832 729 et
846 669 1003 729 amicitiae
1018 669 1067 729 ius
1082 668 1278 746 officiumque

225 780 407 851 praestaret.
451 773 536 833 Huio
558 773 679 834 utinam
701 774 871 852 aliquando
892 775 1025 850 gratiam
1046 774 1162 834 referre
1184 774 1279 852 possi·

225 899 294 939 mus
306 881 312 938 l
333 879 519 939 habebimus
531 879 658 957 quidem
670 899 799 957 semper.
843 880 1013 940 Brundisio
1025 880 1158 959 profeoti
1171 899 1278 940 sumus

224 1003 250 1044 a
268 985 297 1043 d.
313 984 350 1042 II
365 985 406 1042 K.
424 985 517 1060 Mai.;
540 1003 596 1063 per
610 985 827 1046 Macedoniam
842 985 989 1064 Cyzicum
1005 985 1196 1063 petebamus.
1296 1001 1312 1046 n

265 1088 291 1149 Ο
303 1108 352 1149 me
364 1089 533 1167 perditum,
546 1109 564 1148 o
576 1089 724 1150 afflictum
738 1093 745 1150 l
767 1091 850 1160 Quid
861 1109 943 1150 nuno
954 1109 1058 1166 rogem
1070 1096 1102 1150 te
1113 1096 1149 1150 ut
1160 1081 1277 1166 venias,

224 1193 388 1253 mulierem
416 1212 539 1270 aegram
569 1201 601 1254 et
628 1213 756 1273 eorpore
776 1204 809 1255 et
830 1195 935 1256 animo
963 1195 1163 1255 confectam?
1205 1197 1278 1254 Non
1379 1173 1380 1179 ἵ

224 1301 352 1374 rogem?
395 1299 462 1359 sine
477 1305 509 1358 te
524 1299 622 1376 igitur
637 1300 724 1360 sim?
766 1300 895 1378 Opinor,
908 1300 954 1361 sie
965 1318 1073 1376 agam:
1098 1299 1130 1359 Si
1146 1305 1195 1359 est
1206 1319 1277 1378 spes

223 1404 323 1464 nostri
344 1403 474 1482 reditps,
495 1422 564 1464 eam
586 1405 749 1465 confirmes
771 1412 803 1464 et
824 1423 888 1464 rem
910 1385 1056 1479 adiuves;
1086 1404 1144 1479 sin,
1165 1411 1202 1463 ut
1221 1423 1278 1479 ego

222 1517 337 1586 metuo,
352 1516 546 1571 transeatum
561 1517 618 1587 est,
631 1531 756 1590 quoquo
771 1512 862 1571 modo
874 1517 963 1589 potes
975 1513 1015 1572 ad
1030 1529 1079 1570 me
1094 1511 1145 1571 fao
1159 1511 1275 1571 venias.
1297 1523 1325 1568 ro

224 1617 332 1676 Unum
360 1614 420 1676 hoo
447 1616 542 1676 seito:
566 1616 600 1676 si
627 1622 658 1676 te
685 1616 815 1691 habebo,
837 1635 900 1676 non
927 1616 1006 1675 mibi
1029 1615 1156 1676 videbor
1183 1616 1277 1693 plane

223 1720 349 1799 perisse.
393 1721 455 1780 Sed
469 1721 545 1798 qnid
568 1721 705 1782 Tulliola
726 1741 795 1782 mea
815 1722 896 1782 fiet?
938 1723 1005 1781 Iam
1021 1721 1054 1780 id
1076 1739 1133 1781 ros
1154 1721 1276 1797 videte;
1347 1728 1351 1738 '

223 1825 303 1884 mihi
314 1826 403 1886 deest
414 1825 588 1886 eonsilium.
626 1827 687 1886 Sed
696 1832 788 1901 oerte,
799 1845 923 1905 quoquo
933 1827 1025 1890 modo
1035 1845 1067 1886 se
1079 1845 1128 1886 res
1139 1826 1276 1902 babebit,

223 1930 310 1991 illius
338 1931 479 1991 misellae
507 1937 539 1990 et
567 1931 767 1991 matrimonio
794 1937 826 1991 et
854 1931 957 1991 famae
993 1931 1190 1991 serviendum
1219 1937 1275 1990 est.

223 2035 331 2107 Quid?
373 2036 483 2097 Cioero
511 2055 596 2097 meus
625 2036 703 2114 quid
730 2038 829 2112 aget?
872 2037 938 2096 Iste
965 2054 1038 2096 vero
1067 2036 1109 2096 sit
1143 2035 1176 2094 in
1206 2036 1276 2096 sinu
1296 2046 1324 2090 15

223 2159 345 2218 semper
366 2147 398 2200 et
419 2141 584 2218 complexu
598 2159 675 2200 meo.
717 2141 791 2200 Non
819 2159 907 2218 queo,
920 2140 1011 2220 plura
1039 2141 1102 2202 iam
1124 2141 1275 2216 scribere;

223 2244 346 2323 inpedit
373 2265 502 2306 maeror.
552 2247 601 2305 Tu
628 2245 707 2322 quid
734 2246 834 2322 egeris
862 2246 984 2322 neseio;
1020 2252 1125 2306 utrum
1154 2246 1275 2323 aliquid
1318 2313 1319 2316 Ἴ

221 2356 329 2411 teneas
358 2370 407 2426 an,
436 2351 519 2428 quod
540 2361 656 2424 metuo,
684 2350 778 2428 plane
806 2351 849 2411 sis
878 2343 1020 2429 spoliata.
1062 2352 1219 2426 Pisonem,
1240 2357 1276 2411 ut

223 2455 343 2531 scribis,
366 2475 457 2534 spero
485 2456 552 2515 fore
573 2473 696 2532 semper
724 2462 875 2516 nostrum.
918 2456 966 2515 De
993 2455 1116 2517 familia
1143 2455 1277 2516 liberata

221 2559 304 2619 nihil
318 2567 367 2621 est
382 2561 465 2638 qnod
480 2566 511 2620 te
532 2567 665 2620 moveat.
708 2561 850 2620 Primum
872 2561 936 2621 tuis
950 2562 997 2622 ita
1017 2560 1205 2639 promissum
1228 2568 1276 2621 est
1294 2575 1324 2621 20

221 2671 253 2725 te
273 2665 428 2726 iacturam
456 2684 524 2726 esse
546 2665 736 2743 utquisque
764 2672 847 2726 esset
868 2665 1016 2741 meritus3
1039 2672 1087 2726 est
1108 2672 1213 2726 autem
1242 2666 1274 2725 in

220 2769 321 2830 officio
330 2770 432 2832 adhue
441 2771 595 2848 Orpheus,
605 2776 765 2850 praeterea
776 2789 961 2849 magnopere
972 2791 1080 2846 nemo;
1102 2777 1274 2831 ceterorum

221 2893 380 2936 serrorum
403 2894 440 2936 ea
459 2894 554 2936 eausa
574 2881 623 2936 est
650 2881 695 2950 ut,
718 2874 746 2936 si
773 2895 823 2936 res
850 2895 870 2935 a
896 2876 985 2936 nobis
1013 2876 1139 2951 abisset,
1168 2876 1274 2936 liberti

220 2980 321 3042 nostri
335 2986 448 3057 essent,
464 2981 492 3040 si
507 2980 647 3059 optinere
662 2981 857 3059 potuissent;
880 2980 929 3041 sin
945 2981 985 3041 ad
998 3000 1055 3042 nos
1070 2981 1274 3060 pertinerent,

220 3085 608 3170 serrirentpraeterquam
621 3086 737 3164 oppido
751 3087 850 3164 pauoi.
895 3086 955 3145 Sed
970 3085 1046 3147 haee
1055 3087 1176 3147 minore
1190 3092 1271 3147 sunt.
1294 3105 1323 3150 25

259 3191 308 3250 Tu
323 3191 407 3270 quod
420 3210 470 3251 me
485 3190 621 3252 hortaris
634 3197 669 3251 ut
683 3192 787 3251 animo
799 3192 857 3252 sim
873 3211 986 3268 magno
996 3198 1029 3252 et
1044 3212 1131 3271 spem
1142 3193 1273 3253 habeam

219 3297 448 3374 recuperandae
463 3296 585 3373 salutis,
600 3297 633 3356 id
648 3296 742 3357 velim
759 3299 802 3358 sit
816 3298 882 3358 eius
898 3297 982 3359 modi
997 3305 1033 3358 ut
1049 3304 1132 3358 reete
1149 3316 1272 3376 sperare

219 3400 385 3479 possimus.
427 3403 521 3462 Nune
536 3403 631 3463 miser
652 3403 778 3481 quando
791 3409 862 3463 tuas
877 3404 938 3464 iam
953 3404 1076 3466 litteras
1091 3404 1272 3482 aoeipiam?

219 3507 291 3585 quis
305 3507 346 3566 ad
366 3525 416 3566 me
430 3509 594 3586 perferet?
636 3509 718 3581 Quas
741 3529 797 3586 ego
818 3516 1047 3589 exspectassem
1068 3509 1228 3585 Brundisi,
1245 3510 1272 3570 si

217 3617 303 3673 esset
330 3612 454 3674 lioitum
475 3633 531 3692 per
558 3620 669 3675 nautas
692 3614 747 3692 qui
774 3621 994 3695 tempestatem
1022 3615 1320 3695 praetermitterem

95 3741 101 3752 ·
217 3719 394 3780 noluerunt.
438 3719 527 3791 Quod
548 3718 703 3797 reliquum
725 3725 782 3795 est,
806 3726 948 3781 sustenta
968 3727 1008 3796 te,
1025 3740 1094 3780 mea
1114 3721 1270 3796 Terentia,

215 3830 254 3890 ut
281 3831 371 3903 potes
398 3824 628 3886 honestissime.
671 3824 827 3901 Viximus,
855 3825 1037 3901 floruimus3
1067 3845 1129 3885 non
1157 3825 1270 3884 vitium
