3038 4278
263 325 310 394 30
585 337 710 394 carru
734 339 983 396 sunucrmns

264 508 333 584 lege
351 514 476 586 tempus
492 509 527 567 L.
546 509 695 586 Papirius
713 529 878 570 censuram
897 511 1012 587 gessit3
1034 517 1140 571 tamen
1157 511 1314 572 neminem

265 613 388 673 invenit
401 612 456 690 qui
473 631 506 673 se
520 620 630 691 postca
647 621 805 674 auctorem
822 622 1019 694 sequeretur3
1042 635 1151 678 omnes
1167 616 1316 695 deinceps

265 735 408 778 censores
433 724 504 796 post
528 725 659 779 mortem
684 720 821 797 collegae
846 739 879 781 se
907 721 1094 797 magistratu
1121 721 1315 782 abdicarunt.

265 823 310 882 Te
324 841 380 882 nec
392 823 476 900 quod
487 823 554 884 dies
569 824 648 884 exiit
662 844 818 901 censurae,
830 843 888 886 nec
902 825 985 904 quod
995 825 1116 903 collega
1129 826 1317 904 magistratu

229 929 352 1002 tabiit,
373 946 430 987 nec
448 928 501 988 lex
521 948 578 989 nec
599 931 699 1008 pudor
719 937 856 991 coercet:
880 931 1029 991 virtutem
1049 931 1084 990 10
1106 931 1261 1010 superbia,
1284 932 1318 991 in

264 1034 404 1107 audacia,
419 1033 453 1093 in
467 1040 648 1112 contemptu
664 1035 793 1095 deorum
807 1035 1032 1114 hominumque
1046 1036 1148 1114 ponis.
1193 1037 1261 1112 Ego
1275 1043 1317 1111 te,

264 1139 327 1215 Ap.
348 1139 471 1214 Claudi,
490 1159 546 1217 pro
561 1139 654 1200 istius
673 1141 876 1216 magistratus
894 1141 1058 1201 maiestate
1076 1159 1112 1201 ac
1129 1142 1319 1201 verecundia

265 1262 357 1321 quem
375 1243 510 1320 gessisti,
530 1264 592 1304 000
608 1246 701 1305 modo
717 1264 812 1306 manu
831 1245 994 1322 violatum,
1013 1246 1068 1306 sed
1085 1264 1125 1306 ne
1142 1246 1236 1306 verbo
1253 1247 1319 1324 qui-

264 1348 336 1408 dem
360 1349 590 1410 inclementiori
614 1369 634 1410 a
656 1369 706 1411 me
731 1351 925 1429 appellatum
945 1350 1077 1426 vellem,
1107 1351 1162 1412 sed
1186 1358 1218 1412 et
1241 1351 1319 1412 haec

216 1463 246 1509 10
265 1473 345 1531 quae
364 1455 467 1516 adhuc
486 1456 535 1532 egi
553 1457 729 1534 pervicacia
746 1461 804 1516 tua
819 1462 853 1516 et
869 1456 1015 1533 superbia
1033 1457 1136 1532 coegit
1154 1475 1204 1516 me
1221 1456 1319 1535 loqui,

265 1566 297 1619 et
317 1560 380 1620 nisi
400 1561 555 1620 Aemiliae
576 1560 639 1637 legi
661 1561 801 1639 parueris
823 1561 856 1619 in
878 1560 1005 1620 vincula
1025 1560 1098 1619 duci
1119 1560 1231 1621 iubebo
1252 1579 1319 1636 nec,

265 1684 336 1725 cum
358 1667 405 1726 ita
426 1672 629 1744 conparatum
652 1684 672 1727 a
694 1666 863 1726 maioribus
885 1665 928 1726 sit
950 1671 987 1725 ut
1008 1665 1146 1727 comitiis
1167 1665 1319 1726 censoriis

265 1770 327 1831 nisi
342 1771 404 1830 duo
417 1771 610 1832 confecerint
623 1771 766 1848 legitima
780 1771 930 1847 suffragia
943 1790 1007 1832 non
1022 1771 1202 1832 renuntiato
1219 1770 1320 1832 altero

264 1876 393 1937 comitia
407 1876 602 1953 differantur,
617 1895 675 1953 ego
689 1882 720 1937 te
734 1877 789 1955 qui
804 1876 889 1936 00100
903 1895 1012 1936 censor
1026 1876 1125 1937 creari
1139 1896 1202 1937 000
1216 1876 1320 1954 possis

216 1998 245 2045 10
265 1982 366 2042 solum
381 2000 543 2042 censuram
560 2000 666 2058 gerere
681 1983 814 2060 patiar.’'

293 2088 392 2147 ·Haec
406 2086 546 2164 taliaque
560 2106 630 2147 cum
645 2087 785 2161 dixisset,
798 2086 909 2165 prendi
924 2105 1082 2147 censorem
1098 2085 1178 2147 etin
1192 2086 1322 2147 vincula

265 2192 338 2252 duci
357 2192 458 2253 iussit.
501 2191 761 2270 Adprobantibus
782 2211 838 2252 sex
855 2192 991 2252 tribunis
1009 2191 1164 2251 actionem
1182 2191 1320 2267 collegae

264 2303 328 2358 tres
353 2296 527 2376 appellanti
551 2296 658 2375 Appio
683 2296 802 2356 auxilio
824 2297 969 2372 fuerunt;
992 2313 1175 2373 summaque
1196 2295 1321 2356 invidia

264 2402 402 2462 omnium
418 2401 562 2463 ordinum
579 2401 663 2462 00100
678 2380 840 2462 censuram
856 2401 961 2477 gessit.

356 2585 498 2648 Prodigia
509 2585 632 2647 reported
644 2585 745 2647 during
757 2584 926 2635 Hannibal’s
934 2584 996 2645 first
1007 2585 1103 2635 winter
1114 2584 1144 2634 tn
1156 2582 1236 2644 Italy.

215 2736 246 2781 ac
305 2718 424 2776 Romae
448 2722 503 2776 aut
528 2716 610 2776 circa
634 2716 742 2776 urbem
766 2715 865 2776 multa
889 2735 927 2776 ea
947 2715 1050 2775 hieme
1070 2715 1214 2793 prodigia
1233 2713 1321 2774 facta

265 2828 328 2897 aut,
349 2822 433 2899 quod
452 2821 576 2881 evenire
598 2820 678 2882 solet
699 2821 794 2881 motis
816 2821 911 2881 semel
932 2820 965 2879 in
986 2820 1171 2896 religionem
1193 2817 1319 2895 animis,

265 2926 365 2987 multa
387 2926 534 2986 nuntiata
554 2931 586 2986 et
608 2931 725 2986 temere
748 2926 868 2986 credita
891 2931 973 3002 sunt,
997 2926 1030 2984 in
1051 2925 1124 3002 quis
1147 2925 1318 3000 ingenuum

264 3032 420 3092 infantem
446 3036 626 3092 semestrem
649 3031 682 3090 in
703 3031 772 3090 foro
793 3030 919 3092 olitorio
939 3030 1135 3108 triumphum
1157 3028 1318 3105 clamasse,

265 3129 298 3196 et
321 3140 354 3195 in
381 3137 451 3196 foro
477 3136 585 3196 boario
611 3136 723 3196 bovem
751 3135 783 3194 in
812 3136 939 3196 tertiam
967 3134 1234 3211 contignationem
1263 3152 1321 3194 sua

216 3260 246 3305 25
265 3247 376 3320 sponte
391 3241 568 3302 escendisse
585 3247 679 3318 atque
697 3241 771 3301 inde
788 3241 927 3301 tumultu
944 3241 1156 3301 habitatorum
1173 3239 1320 3299 territum

265 3365 332 3408 sese
356 3346 515 3421 deiecisse,
539 3353 570 3406 et
593 3345 720 3406 navium
746 3347 881 3423 speciem
908 3346 947 3406 de
971 3345 1058 3407 caelo
1083 3343 1262 3417 adfulsisse,
1289 3349 1321 3403 et

266 3451 373 3512 aedem
400 3452 483 3529 Spei,
508 3470 588 3529 quac
614 3451 719 3512 estin
743 3452 813 3510 foro
837 3450 973 3526 olitorio,
999 3449 1133 3509 fulmine
1157 3451 1263 3524 ictam,
1289 3454 1322 3509 et

266 3558 389 3618 Lanuvi
404 3558 528 3619 hastam
545 3577 579 3618 se
596 3557 801 3618 commovisse
818 3563 850 3616 et
868 3575 993 3617 corvum
1012 3556 1044 3614 in
1063 3556 1172 3616 aedem
1187 3554 1321 3614 Iunonis

267 3662 429 3724 devolasse
453 3669 548 3740 atque
573 3663 606 3722 in
631 3662 702 3740 ipso
725 3661 886 3740 pulvinari
911 3661 1099 3735 consedisse,
1125 3665 1159 3720 ct
1185 3659 1220 3718 in
1247 3677 1322 3734 agro

217 3782 247 3828 30
267 3767 466 3829 Amiternino
495 3768 604 3830 multis
633 3767 710 3829 locis
734 3767 897 3828 hominurn
926 3767 1029 3845 specie
1053 3764 1162 3844 procul
1187 3763 1323 3825 candida
