<?xml version="1.0" encoding="UTF-8"?>
<!DOCTYPE html PUBLIC "-//W3C//DTD XHTML 1.0 Transitional//EN"
    "http://www.w3.org/TR/xhtml1/DTD/xhtml1-transitional.dtd">
<html xmlns="http://www.w3.org/1999/xhtml" xml:lang="en" lang="en">
 <head>
  <title>
</title>
<meta http-equiv="Content-Type" content="text/html;charset=utf-8" />
  <meta name='ocr-system' content='tesseract 3.04.00' />
  <meta name='ocr-capabilities' content='ocr_page ocr_carea ocr_par ocr_line ocrx_word'/>
</head>
<body>
  <div class='ocr_page' id='page_1' title='image "./selectionsfromr00miergoog_0025.png"; bbox 0 0 3038 4278; ppageno 0'>
   <div class='ocr_carea' id='block_1_1' title="bbox 319 311 1049 382">
    <p class='ocr_par' dir='ltr' id='par_1_1' title="bbox 319 311 1049 382">
     <span class='ocr_line' id='line_1_1' title="bbox 319 311 1049 382; baseline 0.004 -4"><span class='ocrx_word' id='word_1_1' title='bbox 319 311 363 378; x_wconf 88' lang='grc'>10</span> <span class='ocrx_word' id='word_1_2' title='bbox 647 322 773 382; x_wconf 80' lang='lat' dir='ltr'>LA&#39;l&#39;IN</span> <span class='ocrx_word' id='word_1_3' title='bbox 798 322 1049 381; x_wconf 76' lang='lat' dir='ltr'><strong>SELEC&#39;I&#39;IONS</strong></span> 
     </span>
    </p>
   </div>
   <div class='ocr_carea' id='block_1_2' title="bbox 282 493 1373 995">
    <p class='ocr_par' dir='ltr' id='par_1_2' title="bbox 317 493 1371 574">
     <span class='ocr_line' id='line_1_2' title="bbox 317 493 1371 574; baseline 0.005 -21"><span class='ocrx_word' id='word_1_4' title='bbox 317 493 431 554; x_wconf 90' lang='lat' dir='ltr'>deinde</span> <span class='ocrx_word' id='word_1_5' title='bbox 458 493 604 556; x_wconf 89' lang='lat' dir='ltr'>tribunus</span> <span class='ocrx_word' id='word_1_6' title='bbox 632 493 733 572; x_wconf 89' lang='lat' dir='ltr'>plebis</span> <span class='ocrx_word' id='word_1_7' title='bbox 764 493 888 573; x_wconf 83' lang='lat' dir='ltr'>plebem</span> <span class='ocrx_word' id='word_1_8' title='bbox 916 494 1040 572; x_wconf 79' lang='lat' dir='ltr'>rogavit</span> <span class='ocrx_word' id='word_1_9' title='bbox 1070 494 1240 574; x_wconf 78' lang='lat' dir='ltr'>plebesque</span> <span class='ocrx_word' id='word_1_10' title='bbox 1267 494 1371 574; x_wconf 85' lang='lat' dir='ltr'>scivit,</span> 
     </span>
    </p>

    <p class='ocr_par' dir='ltr' id='par_1_3' title="bbox 317 599 1368 678">
     <span class='ocr_line' id='line_1_3' title="bbox 317 599 1368 678; baseline 0.005 -20"><span class='ocrx_word' id='word_1_11' title='bbox 317 600 372 676; x_wconf 90' lang='lat' dir='ltr'>qui</span> <span class='ocrx_word' id='word_1_12' title='bbox 394 599 517 677; x_wconf 86' lang='lat' dir='ltr'>plebem</span> <span class='ocrx_word' id='word_1_13' title='bbox 546 600 613 660; x_wconf 91' lang='lat' dir='ltr'>sine</span> <span class='ocrx_word' id='word_1_14' title='bbox 640 600 777 662; x_wconf 87' lang='lat' dir='ltr'>tribunis</span> <span class='ocrx_word' id='word_1_15' title='bbox 798 600 989 678; x_wconf 76' lang='lat' dir='ltr'>reliquisset,</span> <span class='ocrx_word' id='word_1_16' title='bbox 1011 601 1127 678; x_wconf 90' lang='lat' dir='ltr'>quique</span> <span class='ocrx_word' id='word_1_17' title='bbox 1148 601 1368 677; x_wconf 84' lang='lat' dir='ltr'>magistratum</span> 
     </span>
    </p>

    <p class='ocr_par' dir='ltr' id='par_1_4' title="bbox 317 704 1371 784">
     <span class='ocr_line' id='line_1_4' title="bbox 317 704 1371 784; baseline 0.005 -21"><span class='ocrx_word' id='word_1_18' title='bbox 317 704 385 764; x_wconf 92' lang='lat' dir='ltr'>sine</span> <span class='ocrx_word' id='word_1_19' title='bbox 420 705 640 782; x_wconf 88' lang='lat' dir='ltr'>provocatione</span> <span class='ocrx_word' id='word_1_20' title='bbox 676 712 823 780; x_wconf 78' lang='lat' dir='ltr'>creasset,</span> <span class='ocrx_word' id='word_1_21' title='bbox 858 711 947 782; x_wconf 91' lang='lat' dir='ltr'>tergo</span> <span class='ocrx_word' id='word_1_22' title='bbox 984 724 1020 766; x_wconf 90' lang='lat' dir='ltr'>ao</span> <span class='ocrx_word' id='word_1_23' title='bbox 1055 705 1159 784; x_wconf 90' lang='lat' dir='ltr'>capite</span> <span class='ocrx_word' id='word_1_24' title='bbox 1194 707 1371 784; x_wconf 89' lang='lat' dir='ltr'>puniretur.</span> 
     </span>
    </p>

    <p class='ocr_par' dir='ltr' id='par_1_5' title="bbox 282 809 1373 995">
     <span class='ocr_line' id='line_1_5' title="bbox 317 809 1373 889; baseline 0.004 -19"><span class='ocrx_word' id='word_1_25' title='bbox 317 811 404 870; x_wconf 86' lang='lat' dir='ltr'>Haec</span> <span class='ocrx_word' id='word_1_26' title='bbox 419 809 524 870; x_wconf 88' lang='lat' dir='ltr'>omnia</span> <span class='ocrx_word' id='word_1_27' title='bbox 538 818 574 870; x_wconf 90' lang='lat' dir='ltr'>ut</span> <span class='ocrx_word' id='word_1_28' title='bbox 591 810 700 871; x_wconf 89' lang='lat' dir='ltr'>invitis</span> <span class='ocrx_word' id='word_1_29' title='bbox 715 811 762 872; x_wconf 84' lang='lat' dir='ltr'>ita</span> <span class='ocrx_word' id='word_1_30' title='bbox 774 831 838 872; x_wconf 92' lang='lat' dir='ltr'>non</span> <span class='ocrx_word' id='word_1_31' title='bbox 857 811 1098 872; x_wconf 86' lang='lat' dir='ltr'>adversantibus</span> <span class='ocrx_word' id='word_1_32' title='bbox 1115 811 1257 889; x_wconf 90' lang='lat' dir='ltr'>patriciis</span> <span class='ocrx_word' id='word_1_33' title='bbox 1271 816 1373 874; x_wconf 88' lang='lat' dir='ltr'>trans·</span> 
     </span>
     <span class='ocr_line' id='line_1_6' title="bbox 282 914 1220 995; baseline -0.005 -14"><span class='ocrx_word' id='word_1_34' title='bbox 282 936 297 981; x_wconf 83' lang='lat' dir='ltr'>o</span> <span class='ocrx_word' id='word_1_35' title='bbox 316 921 395 990; x_wconf 85' lang='lat' dir='ltr'>aeta,</span> <span class='ocrx_word' id='word_1_36' title='bbox 410 915 486 993; x_wconf 88' lang='lat' dir='ltr'>quie</span> <span class='ocrx_word' id='word_1_37' title='bbox 499 916 637 977; x_wconf 91' lang='lat' dir='ltr'>nondum</span> <span class='ocrx_word' id='word_1_38' title='bbox 652 916 686 975; x_wconf 90' lang='lat' dir='ltr'>in</span> <span class='ocrx_word' id='word_1_39' title='bbox 701 935 889 995; x_wconf 84' lang='lat' dir='ltr'>quemquam</span> <span class='ocrx_word' id='word_1_40' title='bbox 903 936 1001 977; x_wconf 89' lang='lat' dir='ltr'>unum</span> <span class='ocrx_word' id='word_1_41' title='bbox 1016 914 1220 978; x_wconf 81' lang='lat' dir='ltr'>saeviebatur.</span> 
     </span>
    </p>
   </div>
   <div class='ocr_carea' id='block_1_3' title="bbox 669 1144 986 1197">
    <p class='ocr_par' dir='ltr' id='par_1_6' title="bbox 669 1144 986 1197">
     <span class='ocr_line' id='line_1_7' title="bbox 669 1144 986 1197; baseline 0 -2"><span class='ocrx_word' id='word_1_42' title='bbox 669 1145 721 1195; x_wconf 79' lang='lat' dir='ltr'>Tbe</span> <span class='ocrx_word' id='word_1_43' title='bbox 743 1144 896 1197; x_wconf 72' lang='lat' dir='ltr'>Canuleiani</span> <span class='ocrx_word' id='word_1_44' title='bbox 914 1145 986 1196; x_wconf 85' lang='lat' dir='ltr'>Low.</span> 
     </span>
    </p>
   </div>
   <div class='ocr_carea' id='block_1_4' title="bbox 270 1284 1469 1997">
    <p class='ocr_par' dir='ltr' id='par_1_7' title="bbox 315 1284 1374 1679">
     <span class='ocr_line' id='line_1_8' title="bbox 356 1284 1374 1348; baseline 0.003 -4"><span class='ocrx_word' id='word_1_45' title='bbox 356 1287 425 1346; x_wconf 87' lang='lat' dir='ltr'>Hos</span> <span class='ocrx_word' id='word_1_46' title='bbox 447 1285 547 1346; x_wconf 87' lang='lat' dir='ltr'>secuti</span> <span class='ocrx_word' id='word_1_47' title='bbox 574 1285 618 1344; x_wconf 90' lang='lat' dir='ltr'>M.</span> <span class='ocrx_word' id='word_1_48' title='bbox 642 1284 802 1345; x_wconf 78' lang='lat' dir='ltr'>Genucius</span> <span class='ocrx_word' id='word_1_49' title='bbox 830 1292 863 1345; x_wconf 88' lang='lat' dir='ltr'>et</span> <span class='ocrx_word' id='word_1_50' title='bbox 890 1286 924 1347; x_wconf 82' lang='lat' dir='ltr'>O.</span> <span class='ocrx_word' id='word_1_51' title='bbox 953 1286 1079 1348; x_wconf 79' lang='lat' dir='ltr'>Curtius</span> <span class='ocrx_word' id='word_1_52' title='bbox 1101 1286 1252 1348; x_wconf 89' lang='lat' dir='ltr'>consules.</span> <span class='ocrx_word' id='word_1_53' title='bbox 1295 1287 1374 1348; x_wconf 82' lang='lat' dir='ltr'>Fuit</span> 
     </span>
     <span class='ocr_line' id='line_1_9' title="bbox 315 1390 1372 1471; baseline 0.001 -20"><span class='ocrx_word' id='word_1_54' title='bbox 315 1410 417 1468; x_wconf 82' lang='lat' dir='ltr'>annus</span> <span class='ocrx_word' id='word_1_55' title='bbox 445 1390 530 1450; x_wconf 88' lang='lat' dir='ltr'>domi</span> <span class='ocrx_word' id='word_1_56' title='bbox 551 1391 691 1468; x_wconf 88' lang='lat' dir='ltr'>forisque</span> <span class='ocrx_word' id='word_1_57' title='bbox 713 1390 858 1450; x_wconf 88' lang='lat' dir='ltr'>infestus.</span> <span class='ocrx_word' id='word_1_58' title='bbox 900 1391 984 1452; x_wconf 87' lang='lat' dir='ltr'>Nam</span> <span class='ocrx_word' id='word_1_59' title='bbox 1006 1392 1162 1471; x_wconf 90' lang='lat' dir='ltr'>principio</span> <span class='ocrx_word' id='word_1_60' title='bbox 1183 1393 1257 1453; x_wconf 87' lang='lat' dir='ltr'>anni</span> <span class='ocrx_word' id='word_1_61' title='bbox 1279 1393 1372 1453; x_wconf 88' lang='lat' dir='ltr'>etde</span> 
     </span>
     <span class='ocr_line' id='line_1_10' title="bbox 315 1495 1373 1577; baseline 0.001 -20"><span class='ocrx_word' id='word_1_62' title='bbox 315 1496 449 1557; x_wconf 89' lang='lat' dir='ltr'>conubio</span> <span class='ocrx_word' id='word_1_63' title='bbox 467 1502 592 1574; x_wconf 88' lang='lat' dir='ltr'>patrum</span> <span class='ocrx_word' id='word_1_64' title='bbox 615 1502 647 1556; x_wconf 93' lang='lat' dir='ltr'>et</span> <span class='ocrx_word' id='word_1_65' title='bbox 667 1495 769 1573; x_wconf 91' lang='lat' dir='ltr'>plebis</span> <span class='ocrx_word' id='word_1_66' title='bbox 791 1496 824 1557; x_wconf 83' lang='lat' dir='ltr'>C.</span> <span class='ocrx_word' id='word_1_67' title='bbox 846 1497 1016 1558; x_wconf 82' lang='lat' dir='ltr'>Canuleius</span> <span class='ocrx_word' id='word_1_68' title='bbox 1037 1498 1182 1559; x_wconf 90' lang='lat' dir='ltr'>tribunus</span> <span class='ocrx_word' id='word_1_69' title='bbox 1203 1497 1304 1577; x_wconf 91' lang='lat' dir='ltr'>plebis</span> <span class='ocrx_word' id='word_1_70' title='bbox 1326 1517 1373 1558; x_wconf 83' lang='lat' dir='ltr'>ro</span> 
     </span>
     <span class='ocr_line' id='line_1_11' title="bbox 316 1600 1371 1679; baseline 0 -17"><span class='ocrx_word' id='word_1_71' title='bbox 316 1602 475 1678; x_wconf 83' lang='lat' dir='ltr'>gationem</span> <span class='ocrx_word' id='word_1_72' title='bbox 496 1600 717 1679; x_wconf 85' lang='lat' dir='ltr'>promulgavit,</span> <span class='ocrx_word' id='word_1_73' title='bbox 739 1620 803 1678; x_wconf 90' lang='lat' dir='ltr'>qua</span> <span class='ocrx_word' id='word_1_74' title='bbox 830 1603 1038 1662; x_wconf 84' lang='lat' dir='ltr'>contaminari</span> <span class='ocrx_word' id='word_1_75' title='bbox 1066 1602 1249 1679; x_wconf 89' lang='lat' dir='ltr'>sanguinem</span> <span class='ocrx_word' id='word_1_76' title='bbox 1279 1622 1371 1665; x_wconf 90' lang='lat' dir='ltr'>suum</span> 
     </span>
    </p>

    <p class='ocr_par' dir='ltr' id='par_1_8' title="bbox 270 1689 1469 1997">
     <span class='ocr_line' id='line_1_12' title="bbox 270 1689 1373 1786; baseline 0 -19"><span class='ocrx_word' id='word_1_77' title='bbox 270 1722 298 1767; x_wconf 93' lang='lat'>10</span> <span class='ocrx_word' id='word_1_78' title='bbox 316 1712 421 1785; x_wconf 84' lang='lat' dir='ltr'>patres</span> <span class='ocrx_word' id='word_1_79' title='bbox 436 1705 651 1782; x_wconf 87' lang='lat' dir='ltr'>confundique</span> <span class='ocrx_word' id='word_1_80' title='bbox 664 1689 735 1766; x_wconf 86' lang='lat' dir='ltr'>iure</span> <span class='ocrx_word' id='word_1_81' title='bbox 755 1706 894 1784; x_wconf 88' lang='lat' dir='ltr'>gentium</span> <span class='ocrx_word' id='word_1_82' title='bbox 917 1707 1074 1784; x_wconf 82' lang='lat' dir='ltr'>rebantur,</span> <span class='ocrx_word' id='word_1_83' title='bbox 1090 1713 1122 1768; x_wconf 88' lang='lat' dir='ltr'>et</span> <span class='ocrx_word' id='word_1_84' title='bbox 1136 1709 1254 1769; x_wconf 90' lang='lat' dir='ltr'>mentio</span> <span class='ocrx_word' id='word_1_85' title='bbox 1268 1707 1373 1786; x_wconf 89' lang='lat' dir='ltr'>primo</span> 
     </span>
     <span class='ocr_line' id='line_1_13' title="bbox 317 1811 1469 1891; baseline 0.001 -18"><span class='ocrx_word' id='word_1_86' title='bbox 317 1813 432 1874; x_wconf 89' lang='lat' dir='ltr'>sensim</span> <span class='ocrx_word' id='word_1_87' title='bbox 445 1811 544 1872; x_wconf 86' lang='lat' dir='ltr'>inlata</span> <span class='ocrx_word' id='word_1_88' title='bbox 558 1829 577 1871; x_wconf 84' lang='lat' dir='ltr'>a</span> <span class='ocrx_word' id='word_1_89' title='bbox 591 1811 736 1886; x_wconf 88' lang='lat' dir='ltr'>tribunis,</span> <span class='ocrx_word' id='word_1_90' title='bbox 747 1817 785 1871; x_wconf 90' lang='lat' dir='ltr'>ut</span> <span class='ocrx_word' id='word_1_91' title='bbox 795 1812 927 1872; x_wconf 85' lang='lat' dir='ltr'>alterum</span> <span class='ocrx_word' id='word_1_92' title='bbox 939 1812 1077 1891; x_wconf 82' lang='lat' dir='ltr'>explebe</span> <span class='ocrx_word' id='word_1_93' title='bbox 1092 1814 1250 1874; x_wconf 87' lang='lat' dir='ltr'>consulem</span> <span class='ocrx_word' id='word_1_94' title='bbox 1262 1813 1373 1874; x_wconf 90' lang='lat' dir='ltr'>liceret</span> <span class='ocrx_word' id='word_1_95' title='bbox 1468 1825 1469 1864; x_wconf 62' lang='lat' dir='ltr'>l</span> 
     </span>
     <span class='ocr_line' id='line_1_14' title="bbox 316 1897 1469 1997; baseline 0.002 -20"><span class='ocrx_word' id='word_1_96' title='bbox 316 1918 394 1991; x_wconf 90' lang='lat' dir='ltr'>fieri,</span> <span class='ocrx_word' id='word_1_97' title='bbox 409 1935 445 1977; x_wconf 92' lang='lat' dir='ltr'>eo</span> <span class='ocrx_word' id='word_1_98' title='bbox 460 1916 612 1994; x_wconf 90' lang='lat' dir='ltr'>processit</span> <span class='ocrx_word' id='word_1_99' title='bbox 632 1915 756 1992; x_wconf 90' lang='lat' dir='ltr'>deinde,</span> <span class='ocrx_word' id='word_1_100' title='bbox 773 1922 808 1976; x_wconf 94' lang='lat' dir='ltr'>ut</span> <span class='ocrx_word' id='word_1_101' title='bbox 822 1917 1015 1993; x_wconf 86' lang='lat' dir='ltr'>rogationem</span> <span class='ocrx_word' id='word_1_102' title='bbox 1036 1936 1149 1978; x_wconf 87' lang='lat' dir='ltr'>novem</span> <span class='ocrx_word' id='word_1_103' title='bbox 1170 1917 1290 1978; x_wconf 87' lang='lat' dir='ltr'>tribuni</span> <span class='ocrx_word' id='word_1_104' title='bbox 1304 1938 1373 1997; x_wconf 91' lang='lat' dir='ltr'>pro-</span> <span class='ocrx_word' id='word_1_105' title='bbox 1468 1897 1469 1916; x_wconf 37' lang='lat'><em>³</em></span> 
     </span>
    </p>
   </div>
   <div class='ocr_carea' id='block_1_5' title="bbox 268 2021 1373 2311">
    <p class='ocr_par' dir='ltr' id='par_1_9' title="bbox 268 2021 1373 2311">
     <span class='ocr_line' id='line_1_15' title="bbox 316 2021 1372 2100; baseline 0.002 -19"><span class='ocrx_word' id='word_1_106' title='bbox 316 2023 503 2098; x_wconf 86' lang='lat' dir='ltr'>mulgarent,</span> <span class='ocrx_word' id='word_1_107' title='bbox 526 2026 562 2080; x_wconf 85' lang='lat' dir='ltr'>ut</span> <span class='ocrx_word' id='word_1_108' title='bbox 584 2021 700 2099; x_wconf 92' lang='lat' dir='ltr'>populo</span> <span class='ocrx_word' id='word_1_109' title='bbox 724 2026 865 2099; x_wconf 91' lang='lat' dir='ltr'>potestas</span> <span class='ocrx_word' id='word_1_110' title='bbox 889 2027 980 2097; x_wconf 89' lang='lat' dir='ltr'>esset,</span> <span class='ocrx_word' id='word_1_111' title='bbox 1004 2041 1058 2082; x_wconf 92' lang='lat' dir='ltr'>seu</span> <span class='ocrx_word' id='word_1_112' title='bbox 1081 2023 1120 2083; x_wconf 91' lang='lat' dir='ltr'>de</span> <span class='ocrx_word' id='word_1_113' title='bbox 1138 2023 1229 2100; x_wconf 88' lang='lat' dir='ltr'>plebe</span> <span class='ocrx_word' id='word_1_114' title='bbox 1252 2041 1307 2083; x_wconf 92' lang='lat' dir='ltr'>seu</span> <span class='ocrx_word' id='word_1_115' title='bbox 1330 2024 1372 2084; x_wconf 92' lang='lat' dir='ltr'>de</span> 
     </span>
     <span class='ocr_line' id='line_1_16' title="bbox 316 2125 1373 2205; baseline 0.001 -18"><span class='ocrx_word' id='word_1_116' title='bbox 316 2127 458 2205; x_wconf 87' lang='lat' dir='ltr'>patribus</span> <span class='ocrx_word' id='word_1_117' title='bbox 482 2125 588 2201; x_wconf 85' lang='lat' dir='ltr'>vellet,</span> <span class='ocrx_word' id='word_1_118' title='bbox 613 2126 757 2186; x_wconf 90' lang='lat' dir='ltr'>eonsules</span> <span class='ocrx_word' id='word_1_119' title='bbox 782 2126 940 2203; x_wconf 89' lang='lat' dir='ltr'>faciendi;</span> <span class='ocrx_word' id='word_1_120' title='bbox 970 2127 1003 2187; x_wconf 93' lang='lat' dir='ltr'>id</span> <span class='ocrx_word' id='word_1_121' title='bbox 1032 2146 1106 2187; x_wconf 83' lang='lat' dir='ltr'>vero</span> <span class='ocrx_word' id='word_1_122' title='bbox 1135 2127 1162 2187; x_wconf 91' lang='lat' dir='ltr'>si</span> <span class='ocrx_word' id='word_1_123' title='bbox 1186 2126 1284 2204; x_wconf 89' lang='lat' dir='ltr'>fieret,</span> <span class='ocrx_word' id='word_1_124' title='bbox 1307 2147 1373 2188; x_wconf 91' lang='lat' dir='ltr'>non</span> 
     </span>
     <span class='ocr_line' id='line_1_17' title="bbox 268 2231 1371 2311; baseline 0.001 -17"><span class='ocrx_word' id='word_1_125' title='bbox 268 2249 297 2294; x_wconf 74' lang='lat'>15</span> <span class='ocrx_word' id='word_1_126' title='bbox 316 2233 439 2309; x_wconf 86' lang='lat' dir='ltr'>vulgari</span> <span class='ocrx_word' id='word_1_127' title='bbox 460 2232 552 2291; x_wconf 94' lang='lat' dir='ltr'>modo</span> <span class='ocrx_word' id='word_1_128' title='bbox 566 2250 636 2291; x_wconf 89' lang='lat' dir='ltr'>cum</span> <span class='ocrx_word' id='word_1_129' title='bbox 652 2231 779 2306; x_wconf 89' lang='lat' dir='ltr'>infimis,</span> <span class='ocrx_word' id='word_1_130' title='bbox 795 2231 851 2292; x_wconf 89' lang='lat' dir='ltr'>sed</span> <span class='ocrx_word' id='word_1_131' title='bbox 865 2250 993 2310; x_wconf 87' lang='lat' dir='ltr'>prorsus</span> <span class='ocrx_word' id='word_1_132' title='bbox 1008 2233 1126 2292; x_wconf 86' lang='lat' dir='ltr'>auferri</span> <span class='ocrx_word' id='word_1_133' title='bbox 1148 2233 1371 2311; x_wconf 92' lang='lat' dir='ltr'>aprimoribus</span> 
     </span>
    </p>
   </div>
   <div class='ocr_carea' id='block_1_6' title="bbox 315 2334 1468 2415">
    <p class='ocr_par' dir='ltr' id='par_1_10' title="bbox 315 2334 1468 2415">
     <span class='ocr_line' id='line_1_18' title="bbox 315 2334 1468 2415; baseline -0.002 -18"><span class='ocrx_word' id='word_1_134' title='bbox 315 2339 356 2397; x_wconf 86' lang='lat' dir='ltr'>ad</span> <span class='ocrx_word' id='word_1_135' title='bbox 369 2338 493 2415; x_wconf 92' lang='lat' dir='ltr'>plebem</span> <span class='ocrx_word' id='word_1_136' title='bbox 509 2355 663 2398; x_wconf 86' lang='lat' dir='ltr'>summum</span> <span class='ocrx_word' id='word_1_137' title='bbox 680 2334 847 2413; x_wconf 89' lang='lat' dir='ltr'>imperium</span> <span class='ocrx_word' id='word_1_138' title='bbox 869 2337 1044 2397; x_wconf 86' lang='lat' dir='ltr'>credebant</span> <span class='ocrx_word' id='word_1_139' title='bbox 1087 2337 1177 2398; x_wconf 86' lang='lat' dir='ltr'>Laeti</span> <span class='ocrx_word' id='word_1_140' title='bbox 1194 2355 1267 2414; x_wconf 92' lang='lat' dir='ltr'>ergo</span> <span class='ocrx_word' id='word_1_141' title='bbox 1284 2339 1372 2399; x_wconf 90' lang='lat' dir='ltr'>audi·</span> <span class='ocrx_word' id='word_1_142' title='bbox 1467 2347 1468 2382; x_wconf 40' lang='grc' dir='ltr'>Τ</span> 
     </span>
    </p>
   </div>
   <div class='ocr_carea' id='block_1_7' title="bbox 266 2441 1467 3044">
    <p class='ocr_par' dir='ltr' id='par_1_11' title="bbox 266 2441 1467 3044">
     <span class='ocr_line' id='line_1_19' title="bbox 315 2441 1369 2520; baseline 0.001 -18"><span class='ocrx_word' id='word_1_143' title='bbox 315 2461 365 2502; x_wconf 87' lang='lat' dir='ltr'>ere</span> <span class='ocrx_word' id='word_1_144' title='bbox 381 2448 485 2520; x_wconf 86' lang='lat' dir='ltr'>patres</span> <span class='ocrx_word' id='word_1_145' title='bbox 500 2441 685 2500; x_wconf 89' lang='lat' dir='ltr'>Ardeatium</span> <span class='ocrx_word' id='word_1_146' title='bbox 706 2441 858 2518; x_wconf 93' lang='lat' dir='ltr'>populum</span> <span class='ocrx_word' id='word_1_147' title='bbox 879 2442 918 2501; x_wconf 93' lang='lat' dir='ltr'>ob</span> <span class='ocrx_word' id='word_1_148' title='bbox 939 2441 1087 2502; x_wconf 87' lang='lat' dir='ltr'>iniuriam</span> <span class='ocrx_word' id='word_1_149' title='bbox 1108 2443 1176 2518; x_wconf 85' lang='lat' dir='ltr'>agri</span> <span class='ocrx_word' id='word_1_150' title='bbox 1197 2442 1369 2503; x_wconf 87' lang='lat' dir='ltr'>abiudicati</span> 
     </span>
     <span class='ocr_line' id='line_1_20' title="bbox 315 2545 1370 2624; baseline 0 -17"><span class='ocrx_word' id='word_1_151' title='bbox 315 2547 452 2608; x_wconf 85' lang='lat' dir='ltr'>descisse</span> <span class='ocrx_word' id='word_1_152' title='bbox 479 2552 511 2605; x_wconf 89' lang='lat' dir='ltr'>et</span> <span class='ocrx_word' id='word_1_153' title='bbox 532 2545 679 2607; x_wconf 87' lang='lat' dir='ltr'>Veientes</span> <span class='ocrx_word' id='word_1_154' title='bbox 701 2545 909 2624; x_wconf 87' lang='lat' dir='ltr'>depopulatos</span> <span class='ocrx_word' id='word_1_155' title='bbox 930 2553 1072 2606; x_wconf 87' lang='lat' dir='ltr'>extreme</span> <span class='ocrx_word' id='word_1_156' title='bbox 1092 2547 1159 2624; x_wconf 86' lang='lat' dir='ltr'>agri</span> <span class='ocrx_word' id='word_1_157' title='bbox 1181 2547 1315 2607; x_wconf 87' lang='lat' dir='ltr'>Romani</span> <span class='ocrx_word' id='word_1_158' title='bbox 1337 2554 1370 2608; x_wconf 89' lang='lat' dir='ltr'>et</span> 
     </span>
     <span class='ocr_line' id='line_1_21' title="bbox 314 2650 1467 2739; baseline 0.001 -27"><span class='ocrx_word' id='word_1_159' title='bbox 314 2652 446 2739; x_wconf 83' lang='lat' dir='ltr'>Volscos</span> <span class='ocrx_word' id='word_1_160' title='bbox 467 2651 657 2728; x_wconf 86' lang='lat' dir='ltr'>Aequosque</span> <span class='ocrx_word' id='word_1_161' title='bbox 678 2650 718 2709; x_wconf 91' lang='lat' dir='ltr'>ob</span> <span class='ocrx_word' id='word_1_162' title='bbox 738 2651 963 2711; x_wconf 86' lang='lat' dir='ltr'>communitam</span> <span class='ocrx_word' id='word_1_163' title='bbox 983 2652 1191 2729; x_wconf 88' lang='lat' dir='ltr'>Verruginem</span> <span class='ocrx_word' id='word_1_164' title='bbox 1214 2652 1368 2730; x_wconf 80' lang='lat' dir='ltr'>fremere3</span> <span class='ocrx_word' id='word_1_165' title='bbox 1466 2727 1467 2730; x_wconf 8' lang='grc' dir='ltr'><strong>Ἴ</strong></span> 
     </span>
     <span class='ocr_line' id='line_1_22' title="bbox 266 2739 1467 2834; baseline 0.002 -17"><span class='ocrx_word' id='word_1_166' title='bbox 266 2770 296 2816; x_wconf 78' lang='lat' dir='ltr'>uo</span> <span class='ocrx_word' id='word_1_167' title='bbox 315 2757 392 2817; x_wconf 84' lang='lat' dir='ltr'>adeo</span> <span class='ocrx_word' id='word_1_168' title='bbox 419 2756 469 2816; x_wconf 87' lang='lat' dir='ltr'>vel</span> <span class='ocrx_word' id='word_1_169' title='bbox 497 2755 612 2815; x_wconf 80' lang='lat' dir='ltr'>infelix</span> <span class='ocrx_word' id='word_1_170' title='bbox 639 2755 755 2816; x_wconf 89' lang='lat' dir='ltr'>bellum</span> <span class='ocrx_word' id='word_1_171' title='bbox 786 2754 1014 2832; x_wconf 87' lang='lat' dir='ltr'>ignominiosae</span> <span class='ocrx_word' id='word_1_172' title='bbox 1040 2757 1111 2834; x_wconf 88' lang='lat' dir='ltr'>paci</span> <span class='ocrx_word' id='word_1_173' title='bbox 1138 2757 1367 2834; x_wconf 85' lang='lat' dir='ltr'>praeferebant.</span> <span class='ocrx_word' id='word_1_174' title='bbox 1466 2739 1467 2748; x_wconf 9' lang='grc' dir='ltr'>ἵ</span> 
     </span>
     <span class='ocr_line' id='line_1_23' title="bbox 314 2859 1370 2940; baseline 0.003 -19"><span class='ocrx_word' id='word_1_175' title='bbox 314 2863 377 2922; x_wconf 92' lang='lat' dir='ltr'>His</span> <span class='ocrx_word' id='word_1_176' title='bbox 391 2862 497 2940; x_wconf 82' lang='lat' dir='ltr'>itaque</span> <span class='ocrx_word' id='word_1_177' title='bbox 512 2861 546 2919; x_wconf 90' lang='lat' dir='ltr'>in</span> <span class='ocrx_word' id='word_1_178' title='bbox 567 2860 668 2920; x_wconf 87' lang='lat' dir='ltr'>maius</span> <span class='ocrx_word' id='word_1_179' title='bbox 690 2860 785 2920; x_wconf 90' lang='lat' dir='ltr'>etiam</span> <span class='ocrx_word' id='word_1_180' title='bbox 807 2861 954 2938; x_wconf 85' lang='lat' dir='ltr'>acceptis,</span> <span class='ocrx_word' id='word_1_181' title='bbox 970 2867 1005 2921; x_wconf 90' lang='lat' dir='ltr'>ut</span> <span class='ocrx_word' id='word_1_182' title='bbox 1027 2859 1110 2922; x_wconf 82' lang='lat' dir='ltr'>inter</span> <span class='ocrx_word' id='word_1_183' title='bbox 1131 2861 1297 2939; x_wconf 88' lang='lat' dir='ltr'>strepitum</span> <span class='ocrx_word' id='word_1_184' title='bbox 1320 2868 1370 2924; x_wconf 92' lang='lat' dir='ltr'>tot</span> 
     </span>
     <span class='ocr_line' id='line_1_24' title="bbox 313 2965 1368 3044; baseline 0 -16"><span class='ocrx_word' id='word_1_185' title='bbox 313 2968 464 3028; x_wconf 92' lang='lat' dir='ltr'>bellorum</span> <span class='ocrx_word' id='word_1_186' title='bbox 487 2965 724 3026; x_wconf 88' lang='lat' dir='ltr'>conticiscerent</span> <span class='ocrx_word' id='word_1_187' title='bbox 738 2965 875 3026; x_wconf 85' lang='lat' dir='ltr'>actiones</span> <span class='ocrx_word' id='word_1_188' title='bbox 890 2966 1085 3043; x_wconf 90' lang='lat' dir='ltr'>tribuniciae,</span> <span class='ocrx_word' id='word_1_189' title='bbox 1100 2966 1234 3028; x_wconf 91' lang='lat' dir='ltr'>dilectus</span> <span class='ocrx_word' id='word_1_190' title='bbox 1249 2967 1368 3044; x_wconf 89' lang='lat' dir='ltr'>haberi,</span> 
     </span>
    </p>
   </div>
   <div class='ocr_carea' id='block_1_8' title="bbox 313 3071 1466 3150">
    <p class='ocr_par' dir='ltr' id='par_1_12' title="bbox 313 3071 1466 3150">
     <span class='ocr_line' id='line_1_25' title="bbox 313 3071 1466 3150; baseline 0.004 -17"><span class='ocrx_word' id='word_1_191' title='bbox 313 3072 431 3133; x_wconf 91' lang='lat' dir='ltr'>bellum</span> <span class='ocrx_word' id='word_1_192' title='bbox 446 3090 593 3148; x_wconf 86' lang='lat' dir='ltr'>armaque</span> <span class='ocrx_word' id='word_1_193' title='bbox 608 3071 639 3129; x_wconf 90' lang='lat' dir='ltr'>vi</span> <span class='ocrx_word' id='word_1_194' title='bbox 655 3089 777 3131; x_wconf 88' lang='lat' dir='ltr'>summa</span> <span class='ocrx_word' id='word_1_195' title='bbox 790 3072 938 3148; x_wconf 87' lang='lat' dir='ltr'>apparari</span> <span class='ocrx_word' id='word_1_196' title='bbox 959 3072 1078 3146; x_wconf 90' lang='lat' dir='ltr'>iubent,</span> <span class='ocrx_word' id='word_1_197' title='bbox 1094 3072 1122 3132; x_wconf 90' lang='lat' dir='ltr'>si</span> <span class='ocrx_word' id='word_1_198' title='bbox 1136 3091 1198 3150; x_wconf 93' lang='lat' dir='ltr'>quo</span> <span class='ocrx_word' id='word_1_199' title='bbox 1212 3072 1369 3134; x_wconf 89' lang='lat' dir='ltr'>intentius</span> <span class='ocrx_word' id='word_1_200' title='bbox 1465 3129 1466 3138; x_wconf 14' lang='grc' dir='ltr'>ἦ</span> 
     </span>
    </p>
   </div>
   <div class='ocr_carea' id='block_1_9' title="bbox 264 3174 1370 3764">
    <p class='ocr_par' dir='ltr' id='par_1_13' title="bbox 313 3174 1367 3256">
     <span class='ocr_line' id='line_1_26' title="bbox 313 3174 1367 3256; baseline 0.001 -19"><span class='ocrx_word' id='word_1_201' title='bbox 313 3178 423 3256; x_wconf 89' lang='lat' dir='ltr'>possit,</span> <span class='ocrx_word' id='word_1_202' title='bbox 445 3195 539 3254; x_wconf 90' lang='lat' dir='ltr'>quam</span> <span class='ocrx_word' id='word_1_203' title='bbox 559 3177 593 3234; x_wconf 84' lang='lat' dir='ltr'>T.</span> <span class='ocrx_word' id='word_1_204' title='bbox 617 3175 764 3245; x_wconf 82' lang='lat' dir='ltr'>Quinctio</span> <span class='ocrx_word' id='word_1_205' title='bbox 786 3174 912 3235; x_wconf 89' lang='lat' dir='ltr'>consule</span> <span class='ocrx_word' id='word_1_206' title='bbox 934 3183 1120 3254; x_wconf 89' lang='lat' dir='ltr'>apparatum</span> <span class='ocrx_word' id='word_1_207' title='bbox 1143 3178 1193 3237; x_wconf 92' lang='lat' dir='ltr'>sit.</span> <span class='ocrx_word' id='word_1_208' title='bbox 1236 3178 1317 3238; x_wconf 80' lang='lat' dir='ltr'>Tum</span> <span class='ocrx_word' id='word_1_209' title='bbox 1333 3179 1367 3238; x_wconf 78' lang='grc' dir='ltr'>Ο.</span> 
     </span>
    </p>

    <p class='ocr_par' dir='ltr' id='par_1_14' title="bbox 264 3280 1370 3764">
     <span class='ocr_line' id='line_1_27' title="bbox 264 3280 1370 3359; baseline 0.002 -19"><span class='ocrx_word' id='word_1_210' title='bbox 264 3295 293 3341; x_wconf 71' lang='lat'>25</span> <span class='ocrx_word' id='word_1_211' title='bbox 313 3282 483 3345; x_wconf 82' lang='lat' dir='ltr'>Canuleius</span> <span class='ocrx_word' id='word_1_212' title='bbox 505 3300 604 3359; x_wconf 90' lang='lat' dir='ltr'>pauca</span> <span class='ocrx_word' id='word_1_213' title='bbox 628 3281 661 3339; x_wconf 91' lang='lat' dir='ltr'>in</span> <span class='ocrx_word' id='word_1_214' title='bbox 687 3285 798 3341; x_wconf 87' lang='lat' dir='ltr'>senatu</span> <span class='ocrx_word' id='word_1_215' title='bbox 825 3280 1033 3342; x_wconf 87' lang='lat' dir='ltr'>vociferatus:</span> <span class='ocrx_word' id='word_1_216' title='bbox 1063 3282 1253 3359; x_wconf 91' lang='lat' dir='ltr'>nequiquem</span> <span class='ocrx_word' id='word_1_217' title='bbox 1280 3284 1370 3342; x_wconf 92' lang='lat' dir='ltr'>terri-</span> 
     </span>
     <span class='ocr_line' id='line_1_28' title="bbox 311 3385 1367 3466; baseline 0 -18"><span class='ocrx_word' id='word_1_218' title='bbox 311 3389 408 3449; x_wconf 87' lang='lat' dir='ltr'>tando</span> <span class='ocrx_word' id='word_1_219' title='bbox 433 3387 576 3448; x_wconf 89' lang='lat' dir='ltr'>consules</span> <span class='ocrx_word' id='word_1_220' title='bbox 604 3391 744 3446; x_wconf 90' lang='lat' dir='ltr'>avertere</span> <span class='ocrx_word' id='word_1_221' title='bbox 773 3386 895 3463; x_wconf 92' lang='lat' dir='ltr'>plebem</span> <span class='ocrx_word' id='word_1_222' title='bbox 921 3405 1039 3447; x_wconf 88' lang='lat' dir='ltr'>ecura</span> <span class='ocrx_word' id='word_1_223' title='bbox 1066 3406 1218 3449; x_wconf 86' lang='lat' dir='ltr'>novarum</span> <span class='ocrx_word' id='word_1_224' title='bbox 1242 3385 1367 3466; x_wconf 89' lang='lat' dir='ltr'>legum;</span> 
     </span>
     <span class='ocr_line' id='line_1_29' title="bbox 311 3490 1368 3571; baseline 0.001 -18"><span class='ocrx_word' id='word_1_225' title='bbox 311 3512 480 3571; x_wconf 89' lang='lat' dir='ltr'>numquam</span> <span class='ocrx_word' id='word_1_226' title='bbox 497 3511 549 3552; x_wconf 91' lang='lat' dir='ltr'>eos</span> <span class='ocrx_word' id='word_1_227' title='bbox 564 3510 597 3552; x_wconf 91' lang='lat' dir='ltr'>se</span> <span class='ocrx_word' id='word_1_228' title='bbox 612 3491 685 3550; x_wconf 89' lang='lat' dir='ltr'>vivo</span> <span class='ocrx_word' id='word_1_229' title='bbox 699 3491 850 3550; x_wconf 89' lang='lat' dir='ltr'>dilectum</span> <span class='ocrx_word' id='word_1_230' title='bbox 861 3490 1034 3568; x_wconf 89' lang='lat' dir='ltr'>habituros,</span> <span class='ocrx_word' id='word_1_231' title='bbox 1047 3498 1215 3570; x_wconf 88' lang='lat' dir='ltr'>antequam</span> <span class='ocrx_word' id='word_1_232' title='bbox 1227 3511 1273 3567; x_wconf 88' lang='lat' dir='ltr'>ea,</span> <span class='ocrx_word' id='word_1_233' title='bbox 1285 3512 1368 3570; x_wconf 86' lang='lat' dir='ltr'>quae</span> 
     </span>
     <span class='ocr_line' id='line_1_30' title="bbox 311 3596 1368 3677; baseline 0.002 -20"><span class='ocrx_word' id='word_1_234' title='bbox 311 3597 509 3677; x_wconf 84' lang='lat' dir='ltr'>promulgata</span> <span class='ocrx_word' id='word_1_235' title='bbox 530 3598 569 3657; x_wconf 89' lang='lat' dir='ltr'>ab</span> <span class='ocrx_word' id='word_1_236' title='bbox 591 3615 624 3656; x_wconf 91' lang='lat' dir='ltr'>se</span> <span class='ocrx_word' id='word_1_237' title='bbox 646 3596 835 3674; x_wconf 86' lang='lat' dir='ltr'>collegisque</span> <span class='ocrx_word' id='word_1_238' title='bbox 856 3604 970 3673; x_wconf 88' lang='lat' dir='ltr'>essent,</span> <span class='ocrx_word' id='word_1_239' title='bbox 992 3597 1099 3675; x_wconf 90' lang='lat' dir='ltr'>plebes</span> <span class='ocrx_word' id='word_1_240' title='bbox 1121 3597 1274 3673; x_wconf 87' lang='lat' dir='ltr'>scivisset,</span> <span class='ocrx_word' id='word_1_241' title='bbox 1294 3615 1368 3659; x_wconf 91' lang='lat' dir='ltr'>con-</span> 
     </span>
     <span class='ocr_line' id='line_1_31' title="bbox 311 3700 854 3764; baseline -0.002 -2"><span class='ocrx_word' id='word_1_242' title='bbox 311 3703 419 3764; x_wconf 87' lang='lat' dir='ltr'>festim</span> <span class='ocrx_word' id='word_1_243' title='bbox 433 3702 474 3762; x_wconf 90' lang='lat' dir='ltr'>ad</span> <span class='ocrx_word' id='word_1_244' title='bbox 487 3702 664 3761; x_wconf 87' lang='lat' dir='ltr'>contionem</span> <span class='ocrx_word' id='word_1_245' title='bbox 679 3700 854 3761; x_wconf 86' lang='lat' dir='ltr'>advocavit.</span> 
     </span>
    </p>
   </div>
   <div class='ocr_carea' id='block_1_10' title="bbox 0 0 1524 4278">
    <p class='ocr_par' dir='ltr' id='par_1_15' title="bbox 0 0 1524 4278">
     <span class='ocr_line' id='line_1_32' title="bbox 0 0 1524 4278; baseline 0 4"><span class='ocrx_word' id='word_1_246' title='bbox 0 0 1524 4278; x_wconf 95' lang='lat' dir='ltr'> </span> 
     </span>
    </p>
   </div>
  </div>
 </body>
</html>
