3058 4284
554 360 738 418 cmnuo’s
762 359 945 415 narrans
1207 347 1274 415 119

222 534 321 605 Quem
337 531 434 593 semel
448 537 558 592 nactus
573 531 601 592 si
615 550 764 608 umquam
780 530 928 592 dimisero
943 549 979 591 ac
993 529 1056 590 nisi
1073 529 1169 590 etiam
1190 548 1274 609 prae

222 640 384 701 termissos
399 641 523 699 fructus
538 643 610 697 tuae
630 636 796 696 suavitatis
816 635 979 715 praeteriti
996 637 1145 715 temporis
1168 656 1275 698 omnes

223 764 363 820 exegero,
379 745 521 822 profecto
535 742 594 802 hac
608 742 808 803 restitutione
823 742 969 801 fortunae
984 760 1033 802 me
1055 741 1123 820 ipse
1145 761 1208 802 non
1230 761 1275 802 sa

223 850 265 910 tis
290 849 422 927 dignum
450 848 604 909 iudicabo.

263 956 331 1015 Nos
354 955 466 1029 adhuc,
489 953 522 1012 in
545 958 653 1012 nostro
674 958 759 1013 statu
782 953 866 1030 quod
891 951 1075 1012 difficillime
1099 953 1275 1031 recuperari
1294 967 1309 1013 c

223 1079 314 1138 posse
329 1057 473 1120 arbitrati
489 1057 820 1136 sumus,·splendore1n
841 1063 982 1118 nostrum
1005 1057 1096 1117 illum
1119 1058 1275 1118 forensem

223 1171 255 1225 et
277 1165 311 1224 in
332 1170 444 1224 senatu
466 1162 685 1223 auctoritatem
707 1168 740 1222 et
754 1163 838 1240 apud
853 1162 936 1222 viros
950 1163 1048 1223 bonos
1060 1163 1195 1239 gratiam
1214 1182 1276 1223 ma-

219 1269 271 1350 gis
282 1288 374 1346 quam
387 1275 569 1347 optaramus
579 1267 738 1327 consecuti
753 1286 878 1343 sumus3
899 1267 932 1327 in
947 1286 981 1326 re
995 1274 1100 1327 autem
1115 1267 1276 1343 familiari,

224 1393 304 1452 quae
318 1393 411 1450 quem
425 1373 466 1433 ad
480 1372 608 1432 modum
629 1373 741 1446 fracta,
761 1371 925 1450 dissipata,
944 1372 1069 1450 direpta
1088 1373 1131 1433 sit
1151 1391 1215 1433 non
1234 1373 1277 1449 ig-

225 1497 327 1551 noras,
357 1478 450 1539 valde
478 1477 656 1538 laboramus
685 1482 874 1555 tuarumque
903 1495 965 1535 non
994 1483 1060 1537 tam
1087 1476 1275 1538 facultatum
1297 1493 1326 1538 ιο

224 1602 303 1661 quas
318 1603 376 1660 ego
390 1589 512 1652 nostras
528 1601 596 1643 esse
610 1581 715 1642 iudico
730 1600 823 1659 quam
846 1581 1048 1642 consiliorum
1069 1582 1110 1643 ad
1131 1582 1278 1660 colligen-

224 1689 281 1750 das
303 1695 336 1749 et
357 1688 594 1749 constituendas
616 1686 766 1764 reliquias
788 1692 911 1746 nostras
933 1686 1120 1763 indigemus.

265 1796 358 1855 Nunc
373 1794 433 1854 etsi
448 1793 554 1853 omnia
567 1798 623 1852 aut
637 1793 755 1870 scripta
769 1810 836 1852 esse
851 1811 870 1852 a
884 1792 947 1852 tuis
962 1792 1097 1853 arbitror
1111 1799 1167 1853 aut
1182 1793 1276 1854 etiam

225 1899 345 1964 nmtiis
361 1917 396 1958 ac
411 1917 534 1958 rumore
549 1897 678 1976 perlata,
694 1903 800 1957 tamen
821 1915 858 1957 ea
879 1897 1014 1958 scribam
1034 1896 1123 1957 brevi
1144 1917 1225 1976 qnae
1245 1905 1278 1959 te

225 2010 301 2084 puto
330 2003 529 2082 potissimum
558 2021 597 2062 ex
625 2003 703 2062 meis
730 2001 848 2061 litteris
876 2002 957 2061 velle
988 2021 1182 2078 cognoscere.
1225 2006 1276 2063 Pr.
1298 2027 1327 2072 15

225 2111 333 2170 Nonas
349 2109 486 2169 Sextiles
507 2107 683 2187 Dyrrachio
705 2126 772 2167 sum
795 2107 955 2185 profectus
976 2107 1046 2186 ipso
1067 2107 1122 2167 illo
1145 2109 1196 2168 die
1217 2127 1279 2187 quo

225 2215 276 2275 lex
298 2220 347 2276 est
367 2214 433 2275 lata
453 2214 492 2273 de
513 2213 613 2274 nobis.
656 2213 861 2272 Brundisium
882 2213 955 2272 veni
973 2213 1075 2274 Nonis
1096 2215 1278 2277 Sextilibus.

226 2321 276 2381 Ibi
292 2319 371 2379 mihi
385 2318 525 2379 Tulliola
538 2337 608 2379 mea
629 2318 692 2378 fuit
714 2324 840 2395 praesto
860 2318 960 2378 natali
982 2338 1038 2379 suo
1060 2318 1130 2398 ipso
1151 2320 1202 2380 die
1225 2321 1279 2398 qui

225 2444 299 2486 casu
320 2425 402 2484 idem
425 2423 542 2484 natalis
563 2429 630 2483 erat
651 2429 683 2483 et
704 2423 915 2482 Brundisinae
936 2423 1075 2484 coloniae
1096 2430 1128 2484 et
1145 2431 1218 2486 tuae
1236 2426 1279 2485 vi-

225 2531 314 2590 cinae
329 2529 466 2604 Salutis;
488 2548 632 2606 quaeres
652 2528 870 2588 animadversa
891 2549 910 2588 o
931 2529 1136 2590 multitudine
1159 2550 1278 2591 summa
1299 2551 1329 2598 ao

226 2635 488 2696 Brundisinorum
517 2633 728 2710 gratulatione
753 2633 909 2694 celebrata
933 2640 988 2694 est.
1032 2635 1117 2695 Ante
1139 2635 1222 2696 diem
1243 2655 1279 2696 vr

226 2740 304 2801 Idus
319 2739 455 2800 Sextiles
471 2739 611 2816 cognovi,
627 2758 721 2817 quom
737 2736 887 2798 Brundisi
905 2756 1014 2814 essem,
1033 2739 1151 2801 litteris
1171 2740 1280 2812 Quinti

226 2845 359 2904 mirifico
379 2844 483 2905 studio
501 2843 640 2904 omnium
657 2850 795 2905 aetatum
816 2849 910 2921 atque
929 2844 1084 2920 ordinum,
1103 2845 1280 2906 incredibili

226 2969 377 3011 concursu
405 2950 519 3010 Italiae
539 2950 640 3027 legem
662 2948 799 3009 comitiis
819 2947 1006 3009 centuriatis
1028 2969 1096 3011 esse
1118 2951 1279 3029 perlatam.

227 3056 306 3115 Inde
320 3075 339 3116 a
353 3054 554 3116 Brundisinis
569 3055 801 3115 honestissimis
815 3059 945 3114 ornatus
961 3054 1021 3114 iter
1035 3055 1082 3115 ita
1095 3056 1157 3116 feci
1172 3063 1208 3118 ut
1226 3078 1282 3117 un·
1301 3077 1330 3123 25

226 3159 322 3237 dique
343 3160 383 3221 ad
405 3178 454 3219 me
475 3179 545 3219 cum
568 3160 778 3236 gratulatione
796 3159 893 3235 legati
913 3160 1124 3220 convenerint.
1169 3161 1221 3222 Ad
1234 3183 1282 3222 ur-

226 3265 297 3325 bem
321 3265 368 3325 ita
391 3265 465 3325 veni
487 3272 523 3325 ut
547 3285 639 3326 nemo
663 3266 760 3326 ullius
788 3265 908 3327 ordinis
935 3264 1028 3326 homo
1055 3267 1282 3328 nomenclatori

227 3379 320 3430 notus
335 3370 433 3430 fuerit
448 3370 503 3447 qui
524 3371 604 3430 mihi
626 3370 749 3431 obviam
771 3390 832 3431 non
853 3370 984 3446 venerit,
1006 3377 1131 3449 praeter
1153 3389 1206 3432 eos
1225 3372 1283 3431 ini·

226 3475 333 3550 micos‚
361 3475 475 3554 quibus
499 3476 533 3536 id
554 3477 667 3554 ipsum,
691 3495 722 3536 se
744 3475 889 3536 inimicos
911 3495 988 3551 esse,
1010 3496 1073 3536 non
1096 3476 1206 3538 liceret
1227 3484 1282 3538 aut

226 3580 425 3642 dissimulare
454 3588 509 3642 aut
537 3600 658 3659 negare.
715 3582 793 3642 Cum
822 3582 979 3642 venissem
1008 3583 1048 3643 ad
1076 3591 1199 3661 portam
1228 3584 1283 3644 Ca
1302 3603 1332 3648 au

226 3705 348 3765 penam,
371 3687 485 3763 gradus
506 3687 695 3765 templorum
717 3687 756 3747 ab
774 3686 881 3747 infima
901 3687 992 3765 plebe
1014 3689 1162 3766 completi
1183 3696 1279 3750 erant.

227 3792 257 3850 A
271 3810 334 3868 qua
347 3792 459 3870 plausu
475 3792 611 3853 maximo
625 3800 695 3852 cum
711 3797 794 3853 esset
809 3791 888 3851 mihi
906 3792 1077 3868 gratulatio
1095 3793 1279 3871 significata,
