3038 4278
487 343 615 399 LIVY’S
644 343 794 399 ROMAN
819 343 997 399 HISTORY
1224 332 1270 400 69

284 549 435 600 Antiochus
448 551 519 610 quita
530 550 619 612 Egypt
631 555 659 600 at
671 551 714 600 the
727 550 867 600 command
878 550 910 611 os
917 564 934 600 a
947 550 1054 600 Roman
1066 550 1194 612 cmhassy.

253 683 425 760 Postquam
447 681 515 742 dies
539 682 614 741 data
639 681 773 740 indutiis
806 681 1014 759 praeteriit**
1047 682 1268 757 navigantibus

213 786 295 846 ostio
317 786 387 845 Nili
414 787 454 847 ad
480 786 651 861 Pelusium,
679 787 880 864 perdeserta
906 787 1041 847 Arabiae
1050 787 1088 825 *⁴*
1110 789 1152 848 ad
1172 788 1270 847 Mem-

212 890 303 969 phim
331 891 519 967 incolebant,
548 898 581 951 et
608 891 647 952 ab
674 892 787 952 ceteris
815 892 994 970 Aegyptiis,
1017 893 1132 970 partim
1160 894 1270 954 volun-

213 1002 280 1057 tate
310 997 427 1074 partim
463 1003 557 1071 metu,
589 997 630 1057 ad
664 997 905 1057 Alexandream
937 997 1068 1059 modicis
1103 998 1269 1059 itineribus

213 1101 384 1162 descendit.
427 1102 479 1162 Ad
503 1101 686 1162 Eleusinem
713 1108 908 1178 transgresso
943 1102 1067 1178 flumen,
1093 1104 1148 1181 qui
1182 1104 1302 1168 locust

213 1212 363 1284 quattuor
384 1206 474 1266 milia
494 1207 533 1266 ab
555 1207 757 1267 Alexandrea
773 1208 870 1283 abest,
890 1207 987 1283 legati
1010 1209 1146 1268 Romani
1168 1228 1270 1269 occur-

212 1318 329 1371 rerunt.
385 1312 468 1381 Quos
500 1331 571 1371 cum
616 1312 819 1372 advenientes
855 1312 1032 1389 salutasset,
1065 1314 1269 1392 dextramque

212 1416 351 1494 Popillio
371 1417 553 1495 porrigeret,
567 1416 699 1477 tabellas
721 1417 750 1476 ei
770 1417 928 1495 Popillius
949 1423 1076 1479 senatus
1091 1419 1268 1479 consultum

213 1522 364 1599 scriptum
387 1521 538 1583 habentes
560 1522 659 1582 tradit
678 1527 773 1599 atque
794 1523 933 1582 omnium
955 1523 1092 1600 primum
1111 1523 1145 1583 id
1167 1524 1268 1600 legere

212 1627 309 1688 iubet.
364 1627 484 1699 Quibus
505 1626 652 1705 perlectis
673 1646 742 1686 oum
765 1646 798 1687 se
825 1627 1095 1687 consideraturum
1116 1628 1268 1690 adhibitis
1289 1645 1318 1692 10

213 1732 323 1792 amicis
351 1732 429 1810 quid
456 1732 636 1792 faciendum
661 1731 723 1792 sibi
751 1738 834 1793 esset
861 1732 1004 1808 dixisset,
1025 1733 1191 1810 Popillius,
1213 1753 1268 1812 pro

213 1844 317 1898 cetera
331 1837 501 1914 asperitate
515 1837 622 1912 animi,
637 1837 727 1913 virga
741 1856 836 1914 quam
849 1836 883 1896 in
898 1855 993 1897 manu
1004 1838 1131 1912 gerebat
1141 1838 1269 1898 circum-

214 1943 342 2021 scripsit
355 1961 459 2018 regem
469 1951 481 2019 ς’
501 1961 536 2004 ao
548 1949 566 1979 “
575 1943 765 2020 Priusquam
776 1941 835 2001 hoc
844 1941 962 2002 circulo
976 1943 1109 2003 excedas
1120 1943 1138 1975 ''
1153 1944 1268 2021 inquit,

215 2048 335 2109 “redde
356 2067 551 2125 responsum,
567 2047 691 2108 senatui
713 2047 797 2125 quod
816 2047 980 2107 referam.'’
1023 2048 1268 2127 Obstupefactus

214 2158 280 2213 tam
297 2153 436 2212 violento
454 2153 587 2232 imperio
604 2172 770 2231 parumper
787 2172 857 2213 cum
876 2152 1072 2229 haesitasset,
1089 2159 1106 2189 “
1116 2155 1268 2214 Faciam”
1288 2171 1317 2218 15

214 2258 328 2336 inquit,
345 2259 454 2336 “quod
471 2264 576 2319 censet
590 2258 750 2318 senatue.''
792 2259 872 2317 Tum
886 2258 1011 2318 demum
1026 2259 1182 2336 Popillius
1197 2261 1269 2320 dex-

214 2372 296 2425 tram
311 2364 377 2439 regi
391 2367 552 2441 tamquam
568 2364 652 2424 socio
666 2371 761 2441 atque
776 2363 875 2423 amico
885 2364 1037 2450 porrexit.
1080 2365 1140 2424 Die
1155 2364 1269 2425 deinde

215 2469 306 2529 finita
326 2488 397 2529 cum
417 2469 606 2530 excessisset
621 2469 768 2547 Aegypto
784 2468 969 2544 Antiochus
983 2468 1090 2545 legati,
1105 2470 1269 2530 concordia

215 2575 311 2634 etiam
330 2574 517 2634 auctoritate
538 2593 594 2634 sua
614 2573 697 2633 inter
717 2573 832 2634 fratres
852 2573 976 2634 firmata
999 2574 1082 2635 inter
1104 2594 1182 2652 quos
1204 2575 1267 2635 vix-

216 2680 291 2738 dum
312 2685 499 2739 convenerat
520 2699 592 2757 pax,
607 2679 747 2758 Cyprum
769 2679 930 2754 navigant,
945 2685 978 2739 et
998 2679 1081 2754 inde,
1104 2699 1185 2757 quaa
1205 2681 1266 2740 iam
1288 2695 1318 2740 20

214 2785 334 2845 vicerat
347 2784 466 2862 proelio
480 2785 656 2863 Aegyptias
670 2802 776 2856 naves,
786 2783 918 2844 classem
930 2784 1079 2844 Antiochi
1092 2785 1266 2846 dimittunt.

215 2890 308 2950 Clara
328 2908 366 2950 ea
385 2908 441 2967 per
463 2895 571 2965 gentes
586 2889 704 2966 legatio
717 2889 790 2962 fuit,
806 2889 891 2966 quod
904 2889 989 2949 haud
1005 2890 1098 2950 dubie
1122 2891 1270 2969 adempta

215 2994 375 3055 Antiocho
408 2996 573 3074 Aegyptus
612 2994 740 3054 habenti
778 2993 841 3064 iam
876 2995 1096 3073 redditumque
1130 2997 1269 3074 patrium

215 3119 344 3176 regnum
357 3099 449 3178 stirpi
463 3100 637 3160 Ptolemaei
651 3101 764 3162 fuerat.

380 3320 434 3370 The
447 3321 564 3382 triumph
576 3322 722 3383 os'Paalus
734 3321 789 3372 aad
802 3322 844 3372 the
857 3321 935 3372 death
947 3322 980 3383 os
988 3322 1031 3370 his
1042 3334 1112 3371 sons.

257 3437 318 3521 sed
345 3479 409 3520 non
435 3461 569 3522 Perseus
598 3467 721 3521 tantum
750 3480 806 3539 per
841 3462 912 3522 illos
947 3462 1013 3522 dies
1049 3462 1268 3522 documentum
1288 3481 1318 3527 no

215 3565 421 3626 humanorum
443 3585 570 3626 casuum
591 3567 664 3642 fuit,
685 3567 719 3626 in
748 3567 866 3627 catenis
894 3572 966 3626 ante
994 3585 1118 3626 currum
1140 3567 1269 3628 victoris

216 3671 305 3730 ducis
326 3689 382 3748 per
403 3671 511 3732 urbem
532 3672 670 3733 hostiurn
685 3673 807 3746 ductus,
824 3673 879 3732 sed
900 3672 996 3732 etiam
1017 3672 1118 3731 vietor
1139 3673 1268 3748 Paulus,

129 3821 132 3826 -
216 3795 293 3837 auro
314 3795 514 3855 purpuraque
535 3777 670 3854 fulgens.
701 3777 796 3837 Nam
819 3777 939 3837 duobus
961 3795 977 3837 e
999 3776 1084 3851 filiis,
1100 3796 1178 3854 quos
1198 3778 1270 3837 duo
