3038 4278
252 301 296 368 82
573 311 697 367 LATIN
722 310 972 366 sannorlous

251 484 341 544 micis
363 500 510 562 praeceps
533 501 616 558 agor,
640 482 816 542 incendium
842 500 945 541 meum
969 481 1061 541 ruina
1082 480 1303 557 restinguam.'’

252 588 374 648 Deinde
389 607 422 650 se
436 607 475 648 ex
489 587 576 648 curia
590 588 716 647 domum
731 585 894 664 proripuit.
938 585 989 646 Ibi
1003 585 1104 646 multa
1116 585 1185 663 ipse
1200 604 1302 646 secum

215 719 217 722 ·
252 693 390 768 volvens,
420 694 503 772 quod
531 712 631 771 neque
659 692 792 752 insidiae
821 692 942 752 consuli
970 691 1179 770 procedebant
1206 696 1238 750 et
1264 692 1304 752 ab

251 799 396 860 incendio
406 781 609 874 intellegebat
619 799 727 858 urbem
738 797 858 875 vigiliis
870 797 1033 872 munitam,
1042 801 1205 876 optumum
1216 797 1304 856 factu

217 921 232 966 c
251 906 379 965 credens
389 905 559 964 exercitum
569 922 680 980 augere
689 904 827 982 ac,prius
835 923 929 983 quam
938 902 1076 980 legiones
1086 902 1303 977 scriberentur,

251 1010 352 1069 multa
372 1015 555 1087 antecapere
573 1027 653 1088 quae
675 1008 757 1069 bello
777 1008 850 1069 usui
870 1009 984 1083 forent,
1004 1013 1094 1068 nocte
1115 1006 1305 1086 intempesta

251 1134 321 1174 cum
336 1115 445 1193 paucis
462 1114 496 1174 in
513 1114 677 1174 Manliana
691 1121 795 1174 castra
810 1114 970 1192 profectus
988 1118 1044 1174 est.
1077 1113 1150 1173 -Sed
1166 1112 1304 1188 Cethego

251 1226 346 1298 atque
373 1219 510 1280 Lentulo
537 1219 720 1299 ceterisque,
749 1238 881 1298 quorum
908 1223 1096 1294 cognoverat
1126 1227 1304 1296 promptam

251 1325 423 1400 audaciam,
439 1325 577 1400 mandat,
592 1325 707 1403 quibus
721 1325 813 1385 rebus
827 1330 966 1403 possent,
981 1343 1056 1402 opes
1074 1322 1222 1383 factionis
1237 1341 1306 1382 con·

204 1445 233 1489 10
252 1429 386 1504 firment,
402 1429 534 1490 insidias
550 1428 671 1490 consuli
688 1435 857 1504 maturent,
871 1428 1007 1504 caedem,
1023 1427 1168 1488 incendia
1181 1426 1305 1504 aliaque

252 1533 327 1594 belli
347 1534 488 1594 facinora
506 1540 634 1613 parent:
657 1552 725 1594 sese
744 1533 924 1612 propediem
944 1551 1015 1593 cum
1034 1550 1146 1608 magno
1166 1531 1305 1591 exercitu

252 1639 293 1698 ad
307 1639 414 1698 urbem
430 1657 635 1700 accessurum,

609 1826 662 1876 The
675 1793 841 1876 declaration
855 1826 887 1887 cs
895 1838 960 1876 war.

294 1958 356 2018 Sed
374 1959 442 2036 ipse
460 1977 575 2036 paucos
594 1958 661 2018 dies
678 1963 887 2018 commoratus
904 1957 988 2035 apud
1007 1956 1040 2017 C.
1063 1955 1253 2016 Flaminium
1272 1955 1306 2014 in

253 2083 327 2139 agro
350 2063 509 2138 Arretino,
534 2063 607 2123 dum
638 2062 832 2123 vicinitatem
861 2067 955 2122 antea
982 2061 1183 2122 sollicitatam
1211 2060 1306 2121 armis

205 2190 234 2234 15
253 2175 392 2242 exornat,
407 2188 475 2233 curn
493 2167 632 2229 fascibus
644 2174 739 2244 atque
754 2167 826 2228 aliis
838 2167 950 2246 imperi
965 2167 1142 2243 insignibus
1156 2167 1190 2225 in
1204 2171 1308 2227 castra

253 2275 293 2334 ad
317 2273 473 2333 Manlium
497 2275 667 2334 contendit.
711 2274 799 2334 Haec
821 2273 874 2335 ubi
900 2274 1019 2333 Romae
1041 2277 1200 2350 comperta
1223 2277 1306 2345 sunt,
1344 2264 1347 2268 ’

254 2385 381 2439 senatus
399 2379 567 2440 Catilinam
582 2387 614 2440 et
633 2379 788 2438 Manlium
804 2379 905 2440 hostis
922 2378 1050 2453 iudicat,
1065 2383 1186 2438 ceterae
1204 2376 1308 2436 inulti·

254 2484 357 2544 tudini
376 2484 458 2545 diem
478 2486 590 2544 statuit
607 2491 681 2544 ante
692 2491 790 2562 'quam
811 2484 879 2545 sine
899 2484 1010 2544 fraude
1028 2483 1137 2544 liceret
1156 2483 1195 2542 ab
1212 2481 1307 2542 armis

255 2590 422 2664 discedere,
432 2595 556 2667 praeter
568 2609 670 2650 rerum
682 2589 866 2667 capitalium
875 2588 1098 2649 condemnatis.
1142 2589 1309 2646 Praeterea

206 2711 236 2755 ao
255 2693 395 2753 decernit
426 2694 473 2753 uti
505 2693 648 2754 consules
683 2694 834 2754 dilectum
868 2695 1014 2769 habeant,
1047 2692 1206 2754 Antonius
1237 2711 1307 2752 cum

255 2799 393 2858 exercitu
413 2798 582 2860 Catilinam
604 2799 748 2877 persequi
768 2804 912 2874 maturet,
933 2799 1041 2860 Cicero
1059 2798 1130 2858 urbi
1151 2796 1309 2876 praesidio

256 2904 305 2964 sit.

280 3078 412 3126 Lentulos
423 3082 517 3138 tempta
529 3076 571 3127 tte
583 3076 742 3141 Allobropes
754 3083 781 3127 to
793 3077 840 3127 oid
852 3075 978 3136 Cutiliae,
993 3077 1040 3126 but
1051 3076 1111 3137 tter
1123 3076 1215 3137 betrcp
1226 3075 1291 3125 tim.

297 3209 401 3268 Isdem
425 3208 617 3287 temporibus
637 3209 755 3267 Romae
775 3207 939 3282 Lentulus,
954 3207 1047 3268 sicuti
1069 3206 1207 3268 Catilina
1226 3225 1311 3284 prae-

256 3319 390 3391 ceperat,
403 3331 613 3400 quoscumque
624 3313 761 3373 moribus
772 3319 827 3373 aut
838 3313 966 3373 fortuna
977 3312 1067 3374 novis
1078 3313 1170 3372 rebus
1181 3310 1309 3373 idoneos

207 3439 237 3482 25
256 3418 410 3492 credebat,
429 3425 484 3478 aut
501 3438 556 3496 per
571 3437 603 3477 se
622 3425 677 3479 aut
698 3437 754 3496 per
772 3418 851 3478 alios
872 3417 1072 3493 sollicitabat,
1089 3436 1190 3495 neque
1209 3415 1309 3476 solum

256 3524 344 3597 civis,
361 3524 415 3584 sed
432 3524 583 3600 cuiusque
601 3525 686 3583 modi
704 3543 801 3602 genus
819 3524 991 3600 hominum,
1010 3525 1095 3602 quod
1117 3524 1208 3583 modo
1227 3522 1311 3583 bello

257 3629 328 3688 usui
352 3629 443 3688 foret.
486 3629 589 3704 Igitur
609 3631 644 3690 P.
668 3629 829 3691 Umbreno
849 3629 971 3690 cuidam
994 3630 1153 3705 negotium
1177 3629 1241 3703 dat,
1262 3628 1310 3687 uti

258 3734 376 3814 legatos
399 3733 604 3815 Allobrogum
625 3734 765 3818 requirat
787 3752 908 3818 eosque,
929 3733 957 3794 si
978 3733 1087 3817 possit,
1107 3732 1251 3816 impellat
1272 3733 1312 3796 ad
