3038 4278
477 315 605 372 mvr’s
631 313 781 371 nomam
806 313 986 370 ursroau
1212 300 1255 370 31

202 491 291 549 veste
308 487 393 548 risos
409 505 466 547 nec
486 505 558 546 cum
575 485 640 545 ullo
660 504 852 561 congressos,
867 491 899 544 et
917 485 950 543 in
969 485 1084 544 Piceno
1099 485 1257 563 lapidibus

202 593 352 672 pluvisse,
378 598 411 652 et
435 594 532 653 Caere
557 598 656 651 sortes
681 597 875 664 extenuatas,
900 597 933 650 et
960 591 994 649 in
1018 590 1124 653 Gallia
1148 591 1258 669 lupum

203 698 294 775 vigili
312 698 451 776 gladium
467 716 508 756 ex
523 697 637 772 vagina
651 702 775 774 raptum
791 696 969 756 abstulisse.
1012 695 1062 756 Ob
1075 703 1177 756 cetera
1192 716 1259 774 pro

203 804 289 881 digia
311 803 409 864 libros
434 803 522 862 adire
546 801 716 861 decemviri
741 802 836 876 iussi3
859 801 944 878 quod
968 807 1074 861 autem
1098 801 1258 880 lapidibus

202 908 359 987 pluvisset
372 909 407 967 in
422 908 547 982 Piceno,
562 907 760 967 novemdiale
778 924 900 968 sacrum
917 907 1057 967 edictum
1075 913 1107 966 et
1125 908 1258 969 subinde
1277 924 1292 968 e

203 1013 274 1075 aliis
293 1013 497 1091 procurandis
515 1031 612 1091 prope
632 1018 700 1072 tota
718 1012 832 1072 civitas
852 1018 981 1091 operata
997 1011 1070 1072 fuit
1111 1012 1182 1073 Iam
1198 1014 1258 1090 pri·

202 1137 288 1177 mum
309 1119 448 1178 omnium
470 1119 545 1179 urbs
563 1117 700 1178 lustrata
720 1123 770 1177 est
787 1117 971 1195 hostiaeque
993 1117 1126 1178 maiores
1143 1118 1258 1195 quibus

201 1223 322 1283 editum
338 1230 386 1283 est
401 1223 463 1284 diis
478 1241 594 1298 caesae,
610 1229 642 1283 et
657 1223 773 1282 donum
792 1240 831 1281 ex
849 1223 917 1282 auri
931 1222 1035 1302 pondo
1050 1223 1259 1300 quadraginta

202 1329 380 1388 Lanuvium
394 1329 511 1388 Iunoni
521 1333 680 1406 portatum
695 1333 753 1402 est,
765 1335 797 1387 et
813 1327 939 1404 signum
953 1345 1083 1388 aeneum
1099 1335 1259 1389 matronae

201 1433 317 1492 Iunoni
342 1433 376 1492 in
400 1433 561 1493 Aventino
585 1433 818 1508 dedicaverunt,
843 1439 874 1492 et
896 1432 1127 1493 lectisternium
1151 1434 1256 1508 Caere,
1277 1448 1306 1493 10

200 1538 255 1598 ubi
289 1544 387 1598 sortes
421 1538 609 1598 adtenuatae
644 1543 743 1614 erant,
775 1537 966 1616 imperatum
1000 1544 1032 1598 et
1067 1539 1257 1616 supplicatio

201 1644 360 1702 Fortunae
374 1643 408 1702 in
422 1643 557 1719 Algid03
579 1643 698 1703 Romae
713 1661 836 1721 quoque
854 1649 886 1703 et
900 1643 1130 1704 lectisternium
1145 1645 1257 1706 Iuven-

200 1749 262 1808 tati
286 1754 319 1808 et
343 1749 532 1826 supplicatio
557 1749 598 1808 ad
619 1749 728 1809 aedem
751 1749 901 1809 Herculis
924 1749 1119 1824 nominatim,
1143 1750 1256 1812 deinde

199 1854 348 1914 universo
369 1854 488 1932 populo
511 1854 594 1914 cirea
616 1854 721 1914 omnia
741 1854 922 1932 pulvinaria
946 1854 1075 1929 indicta,
1099 1861 1131 1914 et
1156 1855 1257 1917 Genio

200 1959 333 2020 maiores
364 1958 488 2020 hostiae
518 1977 625 2020 caesae
652 1961 801 2036 quinque,
830 1965 862 2018 et
889 1959 923 2020 C.
953 1958 1074 2020 Atilius
1106 1960 1256 2022 Serranus
1276 1975 1305 2019 15

189 2065 326 2142 'praetor
340 2071 415 2125 rota
429 2064 587 2142 suscipere
601 2065 717 2138 iussus,
732 2065 760 2124 si
777 2063 932 2123 indecem
951 2083 1048 2125 anuos
1066 2084 1116 2124 res
1130 2065 1258 2144 publica

199 2170 309 2229 eodem
335 2168 478 2230 stetisset
502 2174 596 2229 statu.
639 2169 728 2229 Haec
752 2175 919 2246 procurata
942 2175 1078 2246 votaque
1102 2188 1140 2229 ex
1166 2169 1255 2232 libris

201 2273 368 2353 Sibyllinis
384 2292 498 2350 magna
512 2292 551 2333 ex
565 2279 654 2352 parte
669 2272 852 2333 levaverant
867 2274 1019 2350 religione
1033 2275 1164 2336 animos.

497 2459 640 2510 Hannibal
652 2466 681 2510 ot
692 2461 735 2510 lte
747 2465 822 2523 poles
834 2461 867 2524 os
873 2461 966 2512 Rome.

238 2592 279 2652 In
300 2591 359 2652 hoc
376 2590 518 2651 tumultu
535 2590 667 2651 Fulvius
683 2590 814 2652 Flaccus
833 2598 925 2668 porta
942 2592 1068 2670 Capena
1087 2611 1157 2653 cum
1172 2612 1255 2654 exer-

198 2697 264 2757 citu
289 2697 423 2756 Romam
443 2697 603 2772 ingressus
628 2696 733 2756 media
756 2697 832 2756 urbe
857 2715 913 2774 per
937 2697 1068 2758 Carinas
1093 2698 1254 2775 Esquilias
1272 2718 1303 2763 ao

197 2801 378 2876 coutendit;
414 2801 489 2861 inde
516 2819 659 2877 egressus
688 2801 771 2861 inter
802 2801 999 2879 Esquilinam
1037 2801 1254 2881 Collinamque

198 2896 322 2984 pdrtam
343 2906 450 2984 posuit
470 2913 583 2969 castra.
625 2905 754 2966 Aediles
776 2906 879 2984 plebis
900 2913 1107 2967 commeatum
1129 2925 1165 2968 eo
1186 2927 1255 2968 con·

198 3016 372 3090 portarunt.
424 3011 576 3072 Consules
603 3017 791 3088 senatusque
816 3011 851 3070 iu
875 3017 977 3073 castra
999 3020 1160 3073 venerunt.
1203 3015 1253 3076 Ibi

198 3118 237 3176 de
258 3135 381 3178 summa
400 3136 434 3176 re
456 3117 583 3196 publica
604 3115 824 3176 consultatum.
867 3117 993 3178 Placuit
1009 3119 1153 3179 consules
1172 3119 1255 3180 circa

197 3228 304 3302 portas
315 3221 471 3284 Collinam
482 3221 744 3300 Esquilinamque
755 3240 870 3300 ponere
879 3229 990 3298 castra,
1002 3224 1035 3285 C.
1048 3224 1252 3301 Calpurnium
1273 3243 1302 3287 25

196 3333 373 3406 praetorem
387 3328 542 3388 urbanum
554 3327 713 3406 Capitolio
723 3333 818 3404 atque
833 3328 897 3388 arei
911 3347 1056 3406 praeesse
1066 3336 1098 3389 et
1110 3336 1253 3391 senatum

197 3433 395 3510 frequentem
419 3433 452 3492 in
474 3433 543 3493 loro
564 3432 728 3509 contineri,
746 3433 773 3493 si
794 3433 872 3511 quid
893 3433 926 3492 in
943 3440 1008 3494 tam
1029 3435 1144 3496 subitis
1161 3437 1253 3498 rebus

197 3539 342 3598 consulto
369 3557 447 3616 opus
476 3545 566 3599 esset.
619 3539 708 3598 Inter
736 3539 813 3599 haec
841 3539 1003 3600 Hannibal
1030 3541 1070 3600 ad
1098 3540 1252 3602 Anienem

196 3642 329 3703 fluvium
352 3644 414 3703 tria
433 3643 523 3704 milia
543 3663 694 3722 passuum
718 3644 757 3704 ab
782 3645 857 3705 urbe
883 3651 987 3706 castra
1010 3645 1159 3706 admovit.
1203 3647 1253 3707 Ibi

198 3749 325 3810 stativis
340 3748 453 3827 positis
468 3748 536 3826 ipse
550 3768 621 3808 curn
636 3749 757 3810 duobus
771 3749 900 3810 milibus
916 3750 1056 3827 equitum
1072 3752 1112 3811 ad
1129 3758 1253 3829 portam
1271 3767 1300 3814 ao
