3058 4284
553 299 737 357 crcuno’s
762 299 944 355 numurus
1207 286 1268 354 121

220 469 410 548 praeclaram
440 469 642 546 habebimus3
679 469 877 548 superficiem
905 469 1049 531 eonsules
1078 487 1117 530 ex
1145 475 1273 530 senatus

220 576 364 636 consulto
384 576 611 651 aestimabunt3
638 576 687 636 sin
710 575 811 651 aliter,
831 575 1051 651 demolientur,
1071 594 1126 636 suo
1148 574 1274 635 nomine

221 680 378 756 loeebunt,
393 699 458 740 rem
474 687 573 742 totam
589 680 812 742 aestimabunt.

261 785 312 846 Ita
334 791 409 846 srmt
429 804 478 847 res
499 791 634 861 nostrae,

332 917 394 977 ‘Ut
414 917 449 976 iu
470 917 615 977 secundis
636 916 748 992 fluxae,
770 923 807 977 ut
827 917 861 976 in
881 915 1024 978 advorsis
1045 917 1163 978 bonae!
1293 932 1308 978 t

222 1047 262 1106 In
276 1065 310 1108 re
324 1046 476 1107 familiari
492 1047 584 1108 valde
599 1066 717 1123 sumus,
735 1053 772 1107 ut
792 1047 863 1122 seis,
881 1047 1065 1125 perturbati.
1108 1049 1276 1108 Praeterea

222 1158 297 1212 sunt
310 1152 461 1230 quaedam
478 1152 650 1217 domestica
663 1171 744 1230 quae
754 1151 872 1212 litteris
887 1171 950 1211 non
969 1153 1140 1213 committo.
1182 1152 1276 1223 Quin-

222 1263 290 1317 tum
305 1257 436 1317 fratrem
451 1257 569 1334 insigni
591 1257 719 1336 pietate,
735 1257 863 1332 virtute,
878 1256 938 1317 fide
954 1257 1130 1336 praeditum
1147 1257 1191 1318 sie
1205 1276 1276 1317 emo

221 1369 258 1423 ut
273 1363 378 1422 debeo.
420 1364 465 1422 Te
480 1369 627 1440 exspecto
641 1369 673 1423 et
688 1381 741 1422 oro
759 1368 796 1422 ut
817 1368 955 1422 matures
970 1363 1077 1422 venire
1093 1381 1190 1442 eoque
1212 1362 1276 1423 ani·

222 1487 274 1528 mo
298 1467 407 1528 venias
430 1475 467 1528 ut
489 1486 538 1527 me
560 1474 615 1528 tuo
636 1467 768 1528 oonsilio
792 1485 883 1544 egere
908 1487 970 1527 non
995 1468 1090 1528 sinas.
1133 1467 1276 1528 Alterius
1295 1488 1324 1534 10

222 1572 307 1633 vitae
321 1573 477 1650 quoddam
492 1572 619 1632 initium
639 1573 787 1633 ordimur.
830 1572 899 1632 Iam
922 1572 1051 1650 quidum
1072 1573 1127 1651 qui
1148 1591 1205 1632 nos
1227 1572 1277 1632 ab

223 1683 327 1738 sentes
357 1677 568 1738 defenderunt
593 1677 751 1757 incipiunt
778 1678 996 1756 praesentibus
1025 1677 1145 1738 occulte
1174 1677 1275 1753 irasci,

109 1753 119 1772 ⁸
161 1785 165 1794 ’
223 1787 329 1860 aperte
345 1781 494 1842 invidere.
537 1782 748 1843 Vehementer
762 1788 793 1843 te
809 1782 1006 1860 requirimus.

731 2025 771 2088 10

373 2184 444 2249 Ser.
464 2186 597 2249 Romae
620 2186 715 2250 VIII
727 2186 771 2248 K.
790 2187 867 2248 Dee.
888 2206 919 2249 a.
940 2184 1015 2252 697
1035 2185 1126 2252 (57).

603 2332 700 2388 cicero
717 2331 816 2388 Attico
835 2330 895 2387 sal.

265 2469 366 2530 Avere
380 2475 412 2530 te
427 2475 513 2530 serto
532 2469 596 2530 seio
613 2488 684 2529 cum
706 2469 785 2529 seire
806 2468 956 2546 quidhie
977 2474 1096 2544 agatur,
1118 2473 1186 2528 tum
1207 2488 1277 2530 mee

223 2593 242 2635 e
255 2592 305 2635 me
319 2575 408 2651 seire,
423 2594 485 2635 non
500 2594 563 2652 qno
576 2574 709 2635 certiora
724 2574 789 2634 sint
802 2592 840 2634 ea
860 2591 939 2650 quae
961 2574 994 2632 in
1016 2573 1115 2634 oeulis
1135 2573 1275 2634 omnium
1295 2593 1324 2638 15

223 2685 374 2756 geruntur
385 2680 412 2740 si
426 2698 445 2740 a
458 2697 509 2738 me
524 2679 700 2740 scribantur
713 2697 806 2756 quem
821 2696 892 2738 oum
913 2679 953 2738 ab
974 2679 1046 2738 aliis
1066 2684 1122 2738 aut
1142 2679 1276 2740 seriben-

222 2789 275 2844 tur
295 2784 356 2845 tibi
376 2789 432 2844 ent
452 2784 648 2860 nuntientur,
671 2784 725 2844 sed
746 2789 783 2843 ut
803 2783 975 2860 perspicies
998 2801 1037 2843 ex
1058 2783 1136 2844 meis
1158 2782 1274 2844 litteris

223 2909 285 2969 quo
299 2889 404 2950 animo
418 2908 455 2950 ee
473 2890 572 2950 ferum
595 2907 674 2966 quee
689 2894 841 2966 geruntur
862 2894 894 2948 et
915 2888 970 2965 qui
991 2887 1034 2948 sit
1055 2887 1113 2948 hoe
1135 2894 1273 2966 tempore

223 3001 278 3055 eut
291 2995 406 3056 mentis
420 3014 507 3055 meae
523 3013 634 3055 sensus
647 3001 703 3055 ant
716 2994 845 3054 omnino
858 2993 943 3083 vites
957 2999 1069 3054 status.

263 3100 404 3161 Armatis
419 3099 600 3161 hominibus
615 3107 688 3160 ante
703 3099 787 3159 diem
804 3099 933 3160 tertium
953 3099 1062 3160 Nonas
1079 3100 1274 3160 Novembres
1293 3119 1323 3164 20

222 3205 347 3283 expulsi
362 3212 436 3266 sunt
450 3206 534 3267 fabri
549 3206 587 3266 de
602 3223 674 3266 area
688 3212 803 3280 nostra,
816 3204 994 3265 disturbata
1008 3205 1146 3282 porticus
1168 3205 1274 3267 Catuli

223 3330 303 3389 quae
317 3331 356 3372 ex
369 3318 496 3375 senatus
511 3311 654 3374 consulto
667 3312 831 3372 consulum
850 3310 1004 3371 locutione
1026 3309 1222 3370 reficiebatur
1243 3316 1276 3370 et

222 3417 263 3478 ad
288 3423 405 3478 tectum
430 3437 531 3497 paene
554 3423 748 3496 pervenerat,
777 3416 886 3488 Quinti
909 3414 1019 3476 fratris
1041 3416 1151 3476 domus
1173 3416 1274 3493 primo

222 3522 325 3583 fracta
339 3524 481 3584 eonieetu
494 3524 635 3602 lapidum
655 3543 694 3584 ex
715 3541 788 3583 area
808 3527 924 3595 nostre,
947 3520 1060 3581 deinde
1081 3520 1276 3582 inflammata

222 3626 310 3688 iussu
338 3627 438 3704 clodi,
471 3629 668 3708 inspectante
696 3629 772 3688 urbe
805 3626 955 3688 coniectis
991 3625 1126 3701 ignibus,
1162 3640 1323 3702 magnast

222 3732 350 3810 querela
364 3740 397 3795 et
411 3734 530 3812 gemitu
544 3753 607 3795 non
622 3734 723 3795 diuam
745 3733 906 3806 bonorum,
929 3731 984 3807 qui
1006 3730 1111 3791 neseio
1132 3750 1172 3790 an
1193 3729 1274 3789 nulli
