3058 4284
523 338 729 394 enatuere
754 337 949 395 onrmruu
1220 325 1264 394 99

209 507 423 570 misericordia
432 508 562 588 impulsi
576 509 657 570 male
671 507 894 570 consuluerint.
937 508 1000 568 Sed
1013 527 1051 569 ea
1064 507 1146 568 malo
1161 507 1264 569 dicere

210 633 289 692 quae
304 615 437 674 maiores
453 615 554 675 nostri
571 621 680 675 contra
695 614 869 675 lubidinem
887 614 985 674 animi
1003 613 1052 674 sui
1069 619 1152 674 recte
1169 619 1264 692 atque

209 719 318 780 ordine
332 720 442 780 fecere.
486 720 576 780 Bello
590 719 799 795 Macedonico,
816 720 983 798 quodcum
998 738 1070 796 rege
1085 721 1181 780 Perse
1200 739 1265 797 ges·

210 824 317 900 simus,
337 825 531 886 Rhodiorum
552 826 665 887 civitas
683 845 797 904 magna
814 833 908 904 atque
924 825 1099 903 magnifica,
1117 845 1197 904 quae
1214 845 1265 905 po

209 931 277 1009 puli
288 931 423 992 Romani
434 931 546 1011 opibus
556 938 705 1007 creverat,
718 933 817 993 infida
827 938 922 1010 atque
937 933 1070 993 advorsa
1082 931 1172 993 nobis
1189 931 1262 991 fuit.
1274 936 1297 982 t

211 1037 271 1098 Sed
294 1043 471 1116 postquam,
496 1037 579 1098 bello
602 1038 754 1114 confecto,
778 1038 817 1098 de
841 1037 978 1098 Rhodiis
1003 1037 1181 1099 consultum
1205 1043 1263 1113 est,

211 1142 342 1203 maiores
353 1143 463 1218 nostri,
474 1161 513 1202 ne
525 1143 597 1221 quis
608 1141 790 1204 divitiarum
803 1143 903 1220 magis
914 1162 1008 1221 quam
1022 1143 1156 1203 iniuriae
1171 1161 1265 1203 causa

209 1246 327 1307 bellum
355 1248 514 1325 inceptum
543 1247 670 1323 diceret,
699 1248 872 1326 impunitos
900 1267 953 1308 eos
981 1248 1135 1309 dimisere.
1182 1249 1265 1308 Item

210 1352 301 1414 bellis
313 1352 441 1413 Punicis
453 1353 609 1428 omnibus,¹
618 1372 688 1413 cum
700 1371 792 1432 saepe
804 1353 1080 1430 Carthaginienses
1095 1359 1128 1414 et
1141 1353 1176 1413 in
1189 1371 1265 1432 pace

210 1465 242 1517 et
259 1477 315 1535 per
334 1457 474 1518 indutias
495 1458 595 1520 multa
613 1458 736 1518 nefaria
754 1458 896 1519 facinora
914 1459 1074 1534 fecissent,
1093 1477 1264 1536 numquam
1285 1469 1315 1514 10

209 1562 271 1640 ipsi
283 1581 339 1640 per
349 1562 541 1623 occasionem
553 1562 631 1623 talia
642 1563 760 1639 fecere;
782 1563 884 1639 magis
898 1563 976 1641 quid
990 1583 1023 1624 se
1038 1563 1168 1639 dignum
1183 1564 1265 1624 foret

210 1687 303 1745 quam
322 1668 399 1746 quid
418 1667 452 1727 in
472 1668 546 1728 illos
565 1669 632 1728 iure
649 1668 718 1728 fieri
735 1674 842 1747 posset
859 1670 1058 1746 quaerebant
1102 1669 1172 1729 Hoc
1189 1668 1265 1728 item

209 1773 299 1833 vobis
318 1773 548 1853 providendum
565 1779 622 1848 est,
641 1780 747 1852 patres
764 1773 943 1853 conscripti,
962 1793 1001 1834 ne
1018 1774 1090 1853 plus
1106 1774 1191 1853 apud
1210 1793 1265 1833 vos

211 1878 315 1939 valeat
329 1880 364 1938 P.
381 1879 509 1938 Lentuli
525 1884 556 1939 et
570 1885 743 1940 ceterorum
761 1880 862 1940 scelus
882 1899 974 1957 quam
992 1885 1099 1940 vostra
1116 1879 1264 1955 dignitas,

210 2003 272 2044 neu
296 1983 397 2060 magis
420 1984 486 2044 irae
512 1990 634 2044 vostrae
658 2004 752 2063 quam
778 1985 882 2045 famae
905 1985 1087 2046 consulatis.
1128 1985 1210 2045 Nam
1238 1985 1265 2044 si
1285 2001 1314 2046 16

111 2155 112 2159 Ἰ
210 2089 306 2166 digna
327 2108 429 2167 poena
448 2108 505 2168 pro
529 2089 624 2150 factis
646 2109 753 2150 eorum
774 2091 940 2167 reperitur,
962 2109 1076 2150 novom
1099 2089 1264 2150 consilium

210 2195 368 2273 approbo,
391 2195 441 2255 sin
455 2193 639 2271 magnitudo
654 2195 779 2256 sceleris
795 2195 933 2255 omnium
948 2194 1074 2271 ingenia
1088 2199 1264 2273 exsuperat,

210 2299 261 2359 his
275 2299 427 2358 utendum
441 2317 561 2374 censeo,
576 2318 656 2378 quae
670 2299 792 2376 legibus
807 2306 987 2378 comparata
1002 2305 1086 2360 sunt.

252 2403 430 2482 “Plerique
446 2423 563 2481 eorum,
578 2405 634 2483 qui
653 2411 726 2465 ante
746 2424 795 2465 me
818 2405 990 2466 sententias
1010 2405 1167 2481 dixerunt,
1188 2424 1266 2466 oom-

210 2509 312 2588 posite
336 2514 431 2588 atque
456 2509 620 2586 magnifice
644 2529 751 2571 casum
776 2510 989 2588 reipublicae
1014 2510 1154 2571 miserati
1183 2515 1315 2570 suntne

210 2616 297 2686 Quae
321 2614 399 2675 belli
422 2615 555 2676 saevitia
582 2621 674 2690 esset,
702 2633 781 2694 quae
808 2615 902 2676 vietis
930 2616 1115 2690 acciderent,
1144 2634 1267 2675 enume-

210 2738 335 2781 ravero:
361 2719 431 2799 rapi
455 2721 604 2798 virgines,
629 2739 751 2798 pueros,
777 2721 888 2781 divelli
912 2721 1027 2782 liberos
1055 2740 1074 2781 a
1101 2727 1266 2800 parentum

210 2825 384 2904 complexu,
412 2831 529 2886 matres
556 2825 749 2886 familiarum
777 2825 845 2905 pati
873 2845 952 2904 quae
976 2826 1149 2886 victoribus
1173 2825 1267 2886 collu-

210 2931 362 3006 buissent,
376 2931 453 2992 fana
469 2937 564 3010 atque
581 2932 688 2992 domos
708 2931 846 3011 spoliari,
866 2932 1000 3007 caedem,
1023 2931 1168 2992 incendia
1187 2931 1265 3005 fieri,

210 3042 368 3113 postremo
396 3035 501 3112 armis,
530 3036 744 3112 cadaveribus,
774 3055 881 3097 cruore
916 3043 1010 3114 atque
1041 3035 1130 3097 luctu
1161 3037 1267 3096 omnia
1285 3051 1314 3096 25

210 3140 369 3219 compleri.
413 3141 484 3215 Sed,
506 3159 562 3220 per
586 3141 660 3201 deos
684 3140 882 3217 immortalis,
904 3161 965 3219 quo
990 3140 1047 3202 illa
1073 3123 1174 3201 oratio
1201 3161 1266 3219 per·

211 3246 334 3306 tinuit?
376 3245 428 3305 An
443 3247 492 3306 uti
507 3265 561 3306 vos
576 3245 710 3307 infestos
724 3246 931 3307 coniurationi
950 3247 1096 3307 faceret?
1140 3247 1266 3307 Scilicet

211 3369 305 3428 quem
324 3369 372 3411 res
393 3357 482 3412 tanta
498 3358 530 3412 et
548 3357 612 3411 tam
630 3357 721 3412 atrox
738 3371 801 3411 non
819 3352 984 3430 permovit,
1006 3371 1077 3411 eum
1098 3353 1197 3412 oratio
1220 3371 1267 3412 ao-

211 3456 334 3517 cendet.
378 3458 452 3516 Non
463 3457 509 3517 ita
517 3464 575 3532 est,
587 3476 688 3534 neque
698 3457 845 3535 cuiquam
855 3457 1035 3517 mortalium
1047 3457 1181 3517 iniuriae
1192 3477 1266 3518 suae

211 3579 326 3640 parvae
353 3562 518 3638 videntur3
547 3563 639 3623 multi
664 3582 717 3624 eas
741 3563 868 3640 gravius
893 3582 992 3641 aequo
1015 3563 1161 3624 habuere.
1204 3563 1265 3623 Sed
1284 3577 1314 3624 30

212 3665 276 3728 alia
289 3667 361 3728 aliis
375 3667 504 3728 licentia
518 3675 574 3744 eet,
593 3655 699 3747 patres
718 3669 896 3747 conscripti.
939 3668 1000 3740 Qui
1018 3665 1148 3730 demissi
1165 3669 1199 3727 in
1216 3669 1266 3729 ob

213 3791 304 3834 scuro
312 3772 408 3834 vitam
422 3771 548 3849 habent,
560 3775 587 3834 si
599 3774 676 3852 quid
687 3773 850 3834 iracundia
860 3773 1030 3852 deliquere,
1042 3773 1134 3853 pauci
1146 3773 1264 3849 sciunt,
