3038 4278
279 285 324 351 44
602 297 726 354 LATIN
752 297 1002 354 SELECTIONS

280 469 438 547 equitibus
467 475 555 530 scuta
582 475 689 530 vetera
721 469 860 530 hostium
894 468 1026 545 notavit,
1055 489 1134 549 quae
1163 475 1236 531 ante
1269 490 1334 531 non

280 573 411 650 viderat,
439 579 472 634 ct
500 575 696 651 strigosiores
729 593 841 654 equos;
874 574 1045 635 multitudo
1078 595 1203 654 quoque
1235 576 1335 636 maior

280 679 374 740 solita
400 679 470 739 risa
497 685 554 740 est.
598 680 783 758 Suspicatus
811 681 895 740 euim
924 681 957 741 id
984 681 1168 759 quoderat,
1193 683 1334 760 receptui

279 803 410 863 propere
427 785 541 846 cecinit
559 803 595 846 ac
609 785 697 847 misit
717 787 757 846 ad
773 786 890 846 flumen
905 787 988 848 unde
1008 787 1214 866 aquabantur,
1234 787 1287 847 ubi
1303 794 1335 847 et

229 904 245 950 c
279 891 383 970 excipi
394 891 494 969 aliqui
512 896 641 969 possent
659 897 692 953 et
708 892 812 952 notari
826 892 924 952 oculis
945 892 1045 971 siqui
1064 892 1146 952 forte
1163 893 1334 953 adustioris

279 996 392 1056 coloris
413 1002 450 1056 ut
471 1015 510 1056 ex
532 997 651 1057 recenti
669 997 722 1058 via
744 1004 867 1072 esseut;
890 997 984 1058 simul
1009 997 1203 1058 circumvehi
1225 998 1335 1076 procul
1424 1035 1433 1043 -

279 1107 382 1162 castra
392 1101 479 1162 iubet
488 1102 705 1180 specularique
715 1121 791 1162 num
801 1108 927 1163 auctum
936 1102 1141 1180 aliquaparte
1155 1102 1334 1178 sitvallum,

279 1213 311 1266 et
332 1213 368 1267 ut
390 1208 555 1268 attendant
578 1207 675 1268 semel
698 1207 788 1268 bisne
809 1206 934 1283 signum
955 1214 1048 1268 canat
1069 1207 1102 1266 in
1123 1207 1245 1268 castris.
1287 1208 1336 1267 Ea

279 1331 347 1372 cum
369 1312 476 1372 ordine
493 1313 599 1373 omnia
615 1313 715 1374 relata
733 1319 849 1388 essent,
865 1319 968 1374 castra
985 1312 1067 1372 nihil
1085 1318 1178 1373 aucta
1198 1330 1333 1373 errorem

230 1429 259 1475 10
278 1418 453 1478 faciebant:
476 1419 551 1478 bina
564 1423 663 1494 erant,
678 1417 760 1478 sicut
773 1425 847 1480 ante
862 1419 1033 1479 adventum
1047 1418 1185 1479 consulis
1200 1418 1332 1478 alterius

279 1523 414 1598 fuerant,
429 1542 493 1584 uua
506 1525 550 1583 M.
565 1523 660 1598 Livii,
675 1523 775 1584 altera
788 1525 822 1583 L.
838 1524 937 1600 Porci,
951 1523 1072 1584 neutris
1087 1524 1254 1602 quicquam
1271 1542 1334 1601 quo

278 1628 374 1689 latius
396 1629 578 1695 tenderetur
600 1630 641 1689 ad
663 1629 859 1690 munimenta
880 1629 1044 1690 adiectum.
1088 1628 1175 1688 Illud
1196 1635 1334 1689 veterem

278 1735 388 1793 ducem
412 1735 639 1811 adsuetumque
661 1735 804 1795 Romano
828 1734 913 1794 hosti
938 1734 1046 1810 movit,
1072 1736 1156 1813 quod
1181 1733 1276 1794 semel
1299 1733 1335 1792 in

279 1839 443 1917 praetoriis
472 1838 585 1899 castris
614 1839 746 1915 signum,
775 1839 824 1900 bis
849 1840 883 1899 in
911 1839 1126 1900 consularibus
1153 1839 1335 1899 referebant

230 1953 258 2000 15
278 1944 437 2004 cecinisse.
480 1945 567 2004 Duos
590 1945 732 2022 profecto
755 1945 897 2006 consules
919 1963 1004 2021 esse,
1027 1951 1059 2005 et
1081 1963 1216 2022 quonam
1239 1945 1333 2004 modo

278 2050 358 2108 alter
376 2050 416 2109 ab
437 2049 617 2109 Hannibale
639 2050 851 2126 abscessisset,
869 2069 943 2110 cura
963 2051 1106 2126 angebat.
1148 2049 1280 2116 Minime
1298 2049 1333 2109 id

278 2155 361 2231 quod
376 2160 443 2214 erat
458 2152 611 2232 suspicari
627 2160 757 2232 poterat,
770 2161 877 2215 tantae
892 2155 938 2214 rei
952 2155 1157 2215 frustratione
1172 2154 1334 2214 Hanniba-

278 2259 340 2318 lem
355 2259 477 2320 elusum
494 2265 538 2334 ut,
553 2259 608 2318 ubi
623 2260 697 2334 dux,
712 2261 766 2319 ubi
785 2260 941 2320 exercitus
958 2264 1042 2320 esset
1059 2279 1128 2319 cum
1149 2278 1211 2336 quo
1228 2268 1334 2320 castra

277 2364 402 2424 conlata
426 2365 564 2438 haberet,
589 2364 765 2441 ignoraret3
793 2365 936 2442 profecto
960 2364 1046 2425 haud
1070 2364 1218 2425 mediocri
1242 2364 1332 2426 clade

229 2484 259 2529 ac
278 2469 479 2529 absterritum
507 2469 631 2547 insequi
659 2489 721 2529 non
746 2489 874 2547 ausum,
897 2489 1010 2547 magno
1037 2488 1129 2548 opere
1157 2469 1267 2545 vereri,
1291 2489 1332 2530 ne

277 2574 409 2651 perditis
433 2575 526 2634 rebus
550 2593 651 2634 serum
678 2575 746 2652 ipse
770 2574 924 2635 auxilium
948 2575 1089 2635 venisset
1116 2575 1331 2652 Romanisque

277 2680 384 2739 eadem
400 2679 463 2740 iam
478 2680 606 2740 fortuna
620 2679 653 2739 in
668 2680 765 2740 Italia
779 2699 858 2758 quae
876 2681 909 2739 in
925 2679 1084 2758 Hispania
1097 2685 1187 2740 esset.
1231 2680 1332 2739 luter·

277 2785 351 2844 dum
369 2784 490 2845 litteras
509 2803 581 2845 suas
599 2785 726 2844 adeum
746 2803 809 2844 non
830 2785 1009 2863 pervenisse
1025 2785 1161 2860 credere,
1179 2785 1332 2862 intercep

276 2890 381 2967 tisque
395 2889 435 2950 iis
450 2889 608 2950 consulem
624 2890 749 2976 adosese
767 2890 1007 2969 opprimendum
1021 2888 1222 2950 adcelerasse.
1265 2890 1329 2951 His

227 3011 257 3056 25
276 2995 387 3055 anxius
407 2995 490 3054 curis
510 2995 658 3056 extinctis
680 2995 805 3071 ignibus
826 2994 938 3071 vigilia
957 2995 1059 3073 prima
1079 2995 1154 3054 dato
1175 2995 1273 3070 signo,
1294 3001 1331 3055 ut

276 3100 365 3159 taciti
379 3119 456 3160 vasa
469 3100 661 3176 colligerent,
678 3101 768 3176 signa
782 3100 859 3160 ferri
873 3100 975 3161 iussit.
1018 3101 1058 3158 In
1072 3099 1281 3177 trepidatione
1296 3105 1330 3160 et

274 3210 427 3265 nocturno
450 3204 591 3265 tumultu
610 3206 705 3266 duces
729 3224 841 3283 parum
861 3205 983 3265 intente
1004 3204 1171 3280 adservati,
1193 3204 1273 3265 alter
1295 3204 1329 3264 in

275 3309 443 3370 destinatis
462 3311 525 3370 iam
545 3317 618 3371 ante
635 3311 739 3371 animo
756 3311 884 3371 latebris
906 3311 1056 3385 subsedit,
1075 3309 1155 3370 alter
1172 3329 1228 3387 per
1247 3309 1330 3371 vada

274 3420 351 3476 nota
366 3417 545 3476 Metaurum
562 3416 677 3475 flumen
695 3417 843 3476 tranavit.
887 3417 939 3476 Ita
956 3417 1113 3477 desertum
1136 3415 1176 3475 ab
1195 3415 1328 3476 ducibus

226 3533 256 3580 30
275 3538 385 3595 agmen
406 3521 508 3598 primo
526 3541 582 3599 per
601 3540 691 3597 agros
711 3521 846 3600 palatur,
864 3522 1003 3599 fessique
1025 3521 1147 3599 aliquot
1167 3524 1272 3580 itinere
1291 3539 1328 3580 ac

273 3624 393 3701 vigiliis
418 3632 562 3686 sternunt
584 3645 691 3687 somno
713 3645 841 3705 corpora
861 3628 978 3705 passim
999 3633 1092 3705 atquc
1114 3625 1329 3703 infrequentia

273 3733 457 3808 relinquunt
485 3730 582 3808 signa.
625 3732 815 3809 Hasdrubal,
839 3732 912 3791 dum
941 3731 997 3792 lux
1025 3733 1109 3792 viam
1137 3731 1328 3807 ostenderet,
